@article{Li2017a,
    title = {{Anisotropy of hydrogen diffusion in nickel single crystals: the effects of self-stress and hydrogen concentration on diffusion}},
    year = {2017},
    journal = {Scientific Reports},
    author = {Li, J. and Oudriss, A. and Metsue, A. and Bouhattate, J. and Feaugas, X.},
    number = {1},
    month = {7},
    pages = {45041},
    volume = {7},
    publisher = {Nature Publishing Group},
    url = {http://www.nature.com/articles/srep45041},
    doi = {10.1038/srep45041},
    issn = {2045-2322},
    keywords = {Corrosion, Metals and alloys}
}

@article{doi:10.1080/10867651.2002.10487551,
    title = {{Generalized Barycentric Coordinates on Irregular Polygons}},
    year = {2002},
    journal = {Journal of Graphics Tools},
    author = {Meyer, Mark and Barr, Alan and Lee, Haeyoung and Desbrun, Mathieu},
    number = {1},
    pages = {13--22},
    volume = {7},
    publisher = {Taylor {\&} Francis},
    url = {https://doi.org/10.1080/10867651.2002.10487551},
    doi = {10.1080/10867651.2002.10487551}
}

@article{Harris1991,
    title = {{Grain boundary diffusion of hydrogen in nickel}},
    year = {1991},
    journal = {Metallurgical Transactions A},
    author = {Harris, T. M. and Latanision, M.},
    number = {2},
    month = {2},
    pages = {351--355},
    volume = {22},
    publisher = {Springer-Verlag},
    url = {http://link.springer.com/10.1007/BF02656803},
    doi = {10.1007/BF02656803},
    issn = {0360-2133}
}

@article{Oudriss2012,
    title = {{Grain size and grain-boundary effects on diffusion and trapping of hydrogen in pure nickel}},
    year = {2012},
    journal = {Acta Materialia},
    author = {Oudriss, A. and Creus, J. and Bouhattate, J. and Conforto, E. and Berziou, C. and Savall, C. and Feaugas, X.},
    number = {19},
    pages = {6814--6828},
    volume = {60},
    doi = {10.1016/j.actamat.2012.09.004},
    issn = {13596454}
}

@article{ISI:A1979HZ06100028,
    title = {{GRAIN-BOUNDARIES IN NIO .1. RELATIVE ENERGIES OF 001 TILT BOUNDARIES}},
    year = {1979},
    journal = {PHYSICA STATUS SOLIDI A-APPLIED RESEARCH},
    author = {DHALENNE, G and REVCOLEVSCHI, A and GERVAIS, A},
    number = {1},
    pages = {267--276},
    volume = {56},
    doi = {10.1002/pssa.2210560129},
    issn = {0031-8965}
}

@article{ISI:A1979JF01300028,
    title = {{GRAIN-BOUNDARIES IN NIO .2. DETERMINATION OF MASS-TRANSPORT MECHANISMS BY THERMAL GROOVING}},
    year = {1979},
    journal = {PHYSICA STATUS SOLIDI A-APPLIED RESEARCH},
    author = {DHALENNE, G and REVCOLEVSCHI, A and MONTY, C},
    number = {2},
    pages = {623--636},
    volume = {56},
    doi = {10.1002/pssa.2210560229},
    issn = {0031-8965}
}

@article{Metsue2016,
    title = {{Hydrogen solubility and vacancy concentration in nickel single crystals at thermal equilibrium: New insights from statistical mechanics and ab initio calculations}},
    year = {2016},
    journal = {Journal of Alloys and Compounds},
    author = {Metsue, Arnaud and Oudriss, Abdelali and Feaugas, Xavier},
    month = {1},
    pages = {555--567},
    volume = {656},
    url = {https://linkinghub.elsevier.com/retrieve/pii/S0925838815312299},
    doi = {10.1016/j.jallcom.2015.09.252},
    issn = {09258388}
}

@article{zhang_sachenko_schneibel_2002,
    title = {{Kinetics of Thermal Grain Boundary Grooving for Changing Dihedral Angles}},
    year = {2002},
    journal = {Journal of Materials Research},
    author = {Zhang, W and Sachenko, P and Schneibel, J H},
    number = {6},
    pages = {1495–1501},
    volume = {17},
    publisher = {Cambridge University Press},
    doi = {10.1557/JMR.2002.0222}
}

@article{ISI:A1995TJ78900007,
    title = {{MEASUREMENTS OF EXCESS ENTHALPY IN ULTRAFINE-GRAINED TITANIUM-DIOXIDE}},
    year = {1995},
    journal = {JOURNAL OF THE AMERICAN CERAMIC SOCIETY},
    author = {TERWILLIGER, C D and CHIANG, Y M},
    number = {8},
    month = {8},
    pages = {2045--2055},
    volume = {78},
    doi = {10.1111/j.1151-2916.1995.tb08616.x},
    issn = {0002-7820}
}

@article{ISI:A1982NA25200021,
    title = {{RELATIVE ENERGIES OF (011) TILT BOUNDARIES IN NIO}},
    year = {1982},
    journal = {JOURNAL OF THE AMERICAN CERAMIC SOCIETY},
    author = {DHALENNE, G and DECHAMPS, M and REVCOLEVSCHI, A},
    number = {1},
    pages = {C11-C12},
    volume = {65},
    issn = {0002-7820}
}

@article{ISI:000255121300004,
    title = {{SOHO: Orthogonal and symmetric Haar wavelets on the sphere}},
    year = {2008},
    journal = {ACM TRANSACTIONS ON GRAPHICS},
    author = {Lessig, Christian and Fiume, Eugene},
    number = {1},
    month = {3},
    volume = {27},
    doi = {10.1145/1330511.1330515},
    issn = {0730-0301}
}

@article{Oudriss2012a,
    title = {{The diffusion and trapping of hydrogen along the grain boundaries in polycrystalline nickel}},
    year = {2012},
    journal = {Scripta Materialia},
    author = {Oudriss, A. and Creus, J. and Bouhattate, J. and Savall, C. and Peraudeau, B. and Feaugas, X.},
    number = {1},
    month = {1},
    pages = {37--40},
    volume = {66},
    publisher = {Pergamon},
    url = {https://www.sciencedirect.com/science/article/pii/S1359646211005720?via%3Dihub},
    doi = {10.1016/J.SCRIPTAMAT.2011.09.036},
    issn = {1359-6462}
}

@article{rabkin_klinger_2001,
    title = {{The fascination of the grain boundary grooves}},
    year = {2001},
    journal = {Revue de M{\'{e}}tallurgie},
    author = {Rabkin, E and Klinger, L},
    number = {12},
    pages = {1059–1064},
    volume = {98},
    publisher = {EDP Sciences},
    doi = {10.1051/metal:2001146}
}

@phdthesis{Paul2017AParadigm,
    title = {{A Bayesian Testing Strategy for the Model-Test-Model Paradigm}},
    year = {2017},
    author = {Paul, Geoffrey W}
}

@article{Prill2017ATriangulations,
    title = {{A compact parallel algorithm for spherical Delaunay triangulations}},
    year = {2017},
    journal = {Concurrency Computation },
    author = {Prill, Florian and Z{\"{a}}ngl, Günther},
    number = {9},
    pages = {1--12},
    volume = {29},
    doi = {10.1002/cpe.3971},
    issn = {15320634},
    keywords = {computational geometry, parallel computing, space-filling curves, spherical Delaunay triangulation, stencil computation}
}

@article{Tao2019ACoordinates,
    title = {{A fast numerical solver for local barycentric coordinates}},
    year = {2019},
    journal = {Computer Aided Geometric Design},
    author = {Tao, Jiong and Deng, Bailin and Zhang, Juyong},
    pages = {46--58},
    volume = {70},
    publisher = {Elsevier B.V.},
    url = {https://doi.org/10.1016/j.cagd.2019.04.006},
    doi = {10.1016/j.cagd.2019.04.006},
    issn = {01678396},
    keywords = {Barycentric coordinates, Integrability, Local extrema, Locality, Parallel}
}

@article{Noferini2016AFunction,
    title = {{A formula for the Frechet derivative of a generalized matrix function}},
    year = {2016},
    author = {Noferini, Vanni},
    keywords = {daleckiˇ, generalized matrix function}
}

@article{Che1998AMetrology,
    title = {{A generic coordinate transformation uncertainty assessment approach and its application in machine vision metrology}},
    year = {1998},
    journal = {International Journal of Machine Tools and Manufacture},
    author = {Che, Chenggang and Ni, Jun},
    number = {10-11},
    pages = {1241--1256},
    volume = {38},
    doi = {10.1016/S0890-6955(97)00128-4},
    issn = {08906955},
    keywords = {CMM, Coordinate transformation, Metrology, Uncertainty, Vision}
}

@article{Francis2019ABoundaries,
    title = {{A geodesic octonion metric for grain boundaries}},
    year = {2019},
    journal = {Acta Materialia},
    author = {Francis, Toby and Chesser, Ian and Singh, Saransh and Holm, Elizabeth A. and De Graef, Marc},
    month = {3},
    pages = {135--147},
    volume = {166},
    publisher = {Acta Materialia Inc},
    url = {https://linkinghub.elsevier.com/retrieve/pii/S1359645418309844},
    doi = {10.1016/j.actamat.2018.12.034},
    issn = {13596454},
    keywords = {Grain boundary, Octonion, Quaternion, Spherical interpolation}
}

@article{Huber2018ASegregation,
    title = {{A machine learning approach to model solute grain boundary segregation}},
    year = {2018},
    journal = {npj Computational Materials},
    author = {Huber, Liam and Hadian, Raheleh and Grabowski, Blazej and Neugebauer, Jörg},
    number = {1},
    volume = {4},
    publisher = {Springer US},
    url = {http://dx.doi.org/10.1038/s41524-018-0122-7},
    doi = {10.1038/s41524-018-0122-7},
    issn = {20573960}
}

@article{WilliamsAThesis,
    title = {{A MODEL FOR GRAIN BOUNDARY ENERGIES IN URANUM DIOXIDE - Senior Thesis}},
    author = {Williams, Chandler M.}
}

@article{Lei2020ASystems,
    title = {{A new coordinate system for constructing spherical grid systems}},
    year = {2020},
    journal = {Applied Sciences (Switzerland)},
    author = {Lei, Kin and Qi, Dongxu and Tian, Xiaolin},
    number = {2},
    volume = {10},
    doi = {10.3390/app10020655},
    issn = {20763417},
    keywords = {Area coordinates, Spatial data, Spatial grids, Spherical framework}
}

@article{Rosca2014AAnalysis,
    title = {{A new method of constructing a grid in the space of 3D rotations and its applications to texture analysis}},
    year = {2014},
    journal = {Modelling and Simulation in Materials Science and Engineering},
    author = {Ro{\c{s}}ca, D. and Morawiec, A. and De Graef, M.},
    number = {7},
    volume = {22},
    doi = {10.1088/0965-0393/22/7/075013},
    issn = {1361651X},
    keywords = {equal-area mapping, homochoric, quaternions, rotations, texture analysis}
}

@article{Morawiec2019AInterfaces,
    title = {{A New Metric for the Space of Macroscopic Parameters of Grain Interfaces}},
    year = {2019},
    journal = {Metallurgical and Materials Transactions A: Physical Metallurgy and Materials Science},
    author = {Morawiec, A.},
    number = {9},
    pages = {4012--4015},
    volume = {50},
    publisher = {Springer US},
    url = {https://doi.org/10.1007/s11661-019-05361-3},
    doi = {10.1007/s11661-019-05361-3},
    issn = {10735623}
}

@article{Francis2018AMaterials,
    title = {{A New Octonion Metric for Grain Boundary Interpolations : Supplementary Materials}},
    year = {2018},
    author = {Francis, Toby and Chesser, Ian and Singh, Saransh and Holm, Elizabeth A and Graef, Marc De},
    pages = {1--11}
}

@article{Cavoretto2015APoints,
    title = {{A numerical algorithm for multidimensional modeling of scattered data points}},
    year = {2015},
    journal = {Computational and Applied Mathematics},
    author = {Cavoretto, Roberto},
    number = {1},
    pages = {65--80},
    volume = {34},
    doi = {10.1007/s40314-013-0104-9},
    issn = {18070302},
    keywords = {Multidimensional algorithms, Multivariate interpolation, Partition of unity methods, Scattered data, Surface modeling}
}

@article{Pham2017ASplines,
    title = {{A posteriori error estimation for the Laplace–Beltrami equation on spheres with spherical splines}},
    year = {2017},
    journal = {Computers and Mathematics with Applications},
    author = {Pham, Duong Thanh and Le, Tung},
    number = {10},
    pages = {2298--2320},
    volume = {74},
    publisher = {Elsevier Ltd},
    url = {http://dx.doi.org/10.1016/j.camwa.2017.07.003},
    doi = {10.1016/j.camwa.2017.07.003},
    issn = {08981221},
    keywords = {A posteriori error estimate, Adaptivity, Laplace–Beltrami equation, Spherical spline}
}

@article{Yuan2010ARegression,
    title = {{A reproducing Kernel Hilbert space approach to functional linear regression}},
    year = {2010},
    journal = {Annals of Statistics},
    author = {Yuan, Ming and Cai, T. Tony},
    number = {6},
    pages = {3412--3444},
    volume = {38},
    doi = {10.1214/09-AOS772},
    issn = {00905364},
    keywords = {Covariance, Eigenfunction, Eigenvalue, Functional linear regression, Minimax, Optimal convergence rate, Principal component analysis, Reproducing kernel Hilbert space, Sacks-Ylvisaker conditions, Simultaneous diagonalization, Slope function, Sobolev space}
}

@article{Quinonero-Candela2005ARegression,
    title = {{A unifying view of sparse approximate Gaussian process regression}},
    year = {2005},
    journal = {Journal of Machine Learning Research},
    author = {Qui{\~{n}}onero-Candela, Joaquin and Rasmussen, Carl Edward},
    pages = {1939--1959},
    volume = {6},
    issn = {15337928},
    keywords = {Bayesian committee machine, Gaussian process, Probabilistic regression, Sparse approximation}
}

@misc{Accept,
    title = {{accept}}
}

@article{Liu2018AccurateInversion,
    title = {{Accurate estimation of acoustic impedance based on spectral inversion}},
    year = {2018},
    journal = {Geophysical Prospecting},
    author = {Liu, Jie and Zhang, Jianzhong and Huang, Zhong-lai},
    number = {1},
    month = {1},
    pages = {169--181},
    volume = {66},
    url = {http://doi.wiley.com/10.1111/1365-2478.12538},
    doi = {10.1111/1365-2478.12538},
    issn = {00168025}
}

@article{Cavoretto2014AchievingData,
    title = {{Achieving accuracy and efficiency in spherical modelling of real data}},
    year = {2014},
    journal = {Mathematical Methods in the Applied Sciences},
    author = {Cavoretto, R. and De Rossi, A.},
    number = {10},
    pages = {1449--1459},
    volume = {37},
    doi = {10.1002/mma.2906},
    issn = {10991476},
    keywords = {local methods and algorithms, partition of unity methods, satellite data, scattered data interpolation, zonal basis functions}
}

@article{Osborne2012ActiveQuadrature,
    title = {{Active learning of model evidence using Bayesian quadrature}},
    year = {2012},
    journal = {Advances in Neural Information Processing Systems},
    author = {Osborne, Michael A. and Duvenaud, David and Garnett, Roman and Rasmussen, Carl E. and Roberts, Stephen J. and Ghahramani, Zoubin},
    pages = {46--54},
    volume = {1},
    isbn = {9781627480031},
    issn = {10495258}
}

@article{Banadaki2018AnBoundaries,
    title = {{An efficient Monte Carlo algorithm for determining the minimum energy structures of metallic grain boundaries}},
    year = {2018},
    journal = {Computational Materials Science},
    author = {Banadaki, Arash Dehghan and Tschopp, Mark A. and Patala, Srikanth},
    number = {May},
    pages = {466--475},
    volume = {155},
    publisher = {Elsevier},
    url = {https://doi.org/10.1016/j.commatsci.2018.09.017},
    doi = {10.1016/j.commatsci.2018.09.017},
    issn = {09270256},
    arxivId = {1805.10349},
    keywords = {Crystallography, Grain boundary structure, Interfaces, Monte Carlo}
}

@article{Silva2012An110,
    title = {{An Entropy-Based Measure of Continuity for Weighting Multiple Training Images, Paper 110}},
    year = {2012},
    author = {Silva, Daniel a and Deutsch, Clayton V},
    pages = {1--6},
    volume = {2012},
    url = {http://www.ccgalberta.com}
}

@article{Kim2011AnDatabase,
    title = {{An identification scheme of grain boundaries and construction of a grain boundary energy database}},
    year = {2011},
    journal = {Scripta Materialia},
    author = {Kim, Hyun Kyu and Ko, Won Seok and Lee, Hyuk Joong and Kim, Seong Gyoon and Lee, Byeong Joo},
    number = {12},
    pages = {1152--1155},
    volume = {64},
    publisher = {Acta Materialia Inc.},
    url = {http://dx.doi.org/10.1016/j.scriptamat.2011.03.020},
    doi = {10.1016/j.scriptamat.2011.03.020},
    issn = {13596462},
    keywords = {Grain boundary energy database, Grain boundary identification scheme, Inclination, Mesoscale simulation, Misorientation}
}

@article{ApproachANLaboratory,
    title = {{AN INFORMATION-THEORETIC APPROACH TO UNCERTAINTY IMPORTANCE* C.K. Park and R.A. Bari Department of Nuclear Energy Brookhaven National Laboratory}},
    author = {Approach, A N Information-theoretic and Uncertainty, T O and Energy, Nuclear and National, Brookhaven}
}

@article{Tritscher1997AnCapillarity,
    title = {{An integrable fourth-order nonlinear evolution equation applied to surface redistribution due to capillarity}},
    year = {1997},
    journal = {Journal of the Australian Mathematical Society Series B-Applied Mathematics},
    author = {Tritscher, Peter},
    number = {4},
    pages = {518--541},
    volume = {38},
    doi = {10.1017/s0334270000000849},
    issn = {03342700}
}

@techreport{Bryan2011AnProblems,
    title = {{An Introduction to Inverse Problems}},
    year = {2011},
    author = {Bryan, Kurt},
    url = {https://www.rose-hulman.edu/~bryan/invprobs/inversefin1.pdf}
}

@article{Cook2019ApplicationSearch,
    title = {{Application and evaluation of surrogate models for radiation source search}},
    year = {2019},
    journal = {Algorithms},
    author = {Cook, Jared A. and Smith, Ralph C. and Hite, Jason M. and Stefanescu, Razvan and Mattingly, John},
    number = {2},
    pages = {1--24},
    volume = {12},
    doi = {10.3390/A12120269},
    issn = {19994893},
    keywords = {Bayesian inference, Radiation source localization, Surrogate modeling}
}

@article{Ratanaphan2019AtomisticSteel,
    title = {{Atomistic simulations of grain boundary energies in austenitic steel}},
    year = {2019},
    journal = {Journal of Materials Science},
    author = {Ratanaphan, Sutatch and Sarochawikasit, Rajchawit and Kumanuvong, Noppadol and Hayakawa, Sho and Beladi, Hossein and Rohrer, Gregory S. and Okita, Taira},
    number = {7},
    pages = {5570--5583},
    volume = {54},
    publisher = {Springer US},
    url = {https://doi.org/10.1007/s10853-018-03297-4},
    doi = {10.1007/s10853-018-03297-4},
    issn = {15734803}
}

@article{Ratanaphan2017AtomisticTungsten,
    title = {{Atomistic simulations of grain boundary energies in tungsten}},
    year = {2017},
    journal = {Materials Letters},
    author = {Ratanaphan, Sutatch and Boonkird, Theerayut and Sarochawikasit, Rajchawit and Beladi, Hossein and Barmak, Katayun and Rohrer, Gregory S.},
    number = {August 2016},
    pages = {116--118},
    volume = {186},
    publisher = {Elsevier},
    url = {http://dx.doi.org/10.1016/j.matlet.2016.09.104},
    doi = {10.1016/j.matlet.2016.09.104},
    issn = {18734979},
    keywords = {Atomistic simulation, Grain boundary energy, Grain boundary structure, Nanocrystalline tungsten}
}

@article{Birkisson2012AutomaticProblems,
    title = {{Automatic fr{\'{e}}chet differentiation for the numerical solution of boundary-value problems}},
    year = {2012},
    journal = {ACM Transactions on Mathematical Software},
    author = {Birkisson, Asgeir and Driscoll, Tobin A.},
    number = {4},
    volume = {38},
    doi = {10.1145/2331130.2331134},
    issn = {00983500},
    keywords = {Chebfun, Linearization of boundaryvalue problems, Newton's method in function space, Object-oriented matlab}
}

@article{Dyer2016BarycentricManifolds,
    title = {{Barycentric coordinate neighbourhoods in Riemannian manifolds}},
    year = {2016},
    author = {Dyer, Ramsay and Vegter, Gert and Wintraecken, Mathijs},
    url = {http://arxiv.org/abs/1606.01585},
    arxivId = {1606.01585}
}

@article{Warren2007BarycentricSets,
    title = {{Barycentric coordinates for convex sets}},
    year = {2007},
    journal = {Advances in Computational Mathematics},
    author = {Warren, Joe and Schaefer, Scott and Hirani, Anil N. and Desbrun, Mathieu},
    number = {3},
    pages = {319--338},
    volume = {27},
    url = {https://dx.doi.org/10.1007/s10444-005-9008-6},
    doi = {10.1007/s10444-005-9008-6},
    issn = {10197168},
    keywords = {barycentric coordinates, convex polyhedra, convex sets}
}

@article{Rustamov2010BarycentricSurfaces,
    title = {{Barycentric coordinates on surfaces}},
    year = {2010},
    journal = {Computer Graphics Forum},
    author = {Rustamov, Raif M.},
    number = {5},
    pages = {1507--1516},
    volume = {29},
    doi = {10.1111/j.1467-8659.2010.01759.x},
    issn = {14678659}
}

@article{Pihajoki2019BarycentricSpaces,
    title = {{Barycentric interpolation on Riemannian and semi-Riemannian spaces}},
    year = {2019},
    journal = {Monthly Notices of the Royal Astronomical Society},
    author = {Pihajoki, Pauli and Mannerkoski, Matias and Johansson, Peter H.},
    number = {3},
    pages = {4161--4169},
    volume = {489},
    doi = {10.1093/mnras/stz2447},
    issn = {13652966},
    arxivId = {1907.09487},
    keywords = {Black hole physics, MHD-methods: Data analysis, Methods: Numerical}
}

@article{Watzenig2007BayesscheInversion,
    title = {{Bayes'sche Inferenz f{\"{u}}r Inverse Probleme - statistische Inversion}},
    year = {2007},
    journal = {Elektrotechnik und Informationstechnik},
    author = {Watzenig, D.},
    number = {7-8},
    pages = {240--247},
    volume = {124},
    isbn = {0050200704},
    doi = {10.1007/s00502-007-0449-0},
    issn = {0932383X},
    keywords = {Bayesian methods, Monte Carlo analysis, Sampling, State estimation}
}

@article{Prasad2013BayesianData,
    title = {{Bayesian analysis of experimental data}},
    year = {2013},
    journal = {Pakistan Journal of Statistics and Operation Research},
    author = {Prasad, Sanjay Kumar and Bhar, Lalmohan},
    number = {2},
    pages = {225--239},
    volume = {9},
    doi = {10.18187/pjsor.v9i2.377},
    issn = {22205810},
    keywords = {Bayesian analysis, Experimental design, Long term fertilizer experiments, Normal-gamma prior, Posterior distribution}
}

@article{Gelman2020Bayesian2020,
    title = {{Bayesian Data Analysis Third edition (with errors ﬁxed as of 13 February 2020)}},
    year = {2020},
    author = {Gelman, Andrew and Carlin, John B. and Stern, Hal S. and Dunson, David B and Vehtari, Aki and Rubin, Donald B},
    number = {February},
    pages = {677},
    url = {http://files/25/Gelman m. fl. - Bayesian Data Analysis Third edition (with errors .pdf},
    isbn = {978-1439840955}
}

@article{DAgostini2003BayesianApplications,
    title = {{Bayesian inference in processing experimental data: Principles and basic applications}},
    year = {2003},
    journal = {Reports on Progress in Physics},
    author = {D'Agostini, G.},
    number = {9},
    pages = {1383--1419},
    volume = {66},
    doi = {10.1088/0034-4885/66/9/201},
    issn = {00344885},
    arxivId = {physics/0304102}
}

@article{Knapik2011BayesianPriors,
    title = {{Bayesian inverse problems with Gaussian priors}},
    year = {2011},
    journal = {Annals of Statistics},
    author = {Knapik, B. T. and Van Der Vaart, A. W. and Van Zanten, J. H.},
    number = {5},
    pages = {2626--2657},
    volume = {39},
    doi = {10.1214/11-AOS920},
    issn = {00905364},
    arxivId = {1103.2692},
    keywords = {Credible set, Gaussian prior, Posterior distribution, Rate of contraction}
}

@phdthesis{Nagel2017BayesianQuantification,
    title = {{Bayesian techniques for inverse uncertainty quantification}},
    year = {2017},
    author = {Nagel, Joseph Benjamin},
    number = {24082},
    pages = {205},
    url = {https://doi.org/10.3929/ethz-a-010835772}
}

@article{Delaigle2004BootstrapSample,
    title = {{Bootstrap bandwidth selection in kernel density estimation from a contaminated sample}},
    year = {2004},
    journal = {Annals of the Institute of Statistical Mathematics},
    author = {Delaigle, A. and Gijbels, I.},
    number = {1},
    pages = {19--47},
    volume = {56},
    doi = {10.1007/BF02530523},
    issn = {00203157},
    keywords = {Bandwidth selection, Bootstrap, Consistency, Deconvolution, Errors-in-variables, Kernel density estimation}
}

@article{Upmanyu2002BoundaryGrowth,
    title = {{Boundary mobility and energy anisotropy effects on microstructural evolution during grain growth}},
    year = {2002},
    journal = {Interface Science},
    author = {Upmanyu, M. and Hassold, G. N. and Kazaryan, A. and Holm, E. A. and Wang, Y. and Patton, B. and Srolovitz, D. J.},
    number = {2-3},
    pages = {201--216},
    volume = {10},
    doi = {10.1023/A:1015832431826},
    issn = {09277056},
    keywords = {Anisotropic grain boundary energy, Anisotropic grain boundary mobility, Grain growth, Molecular dynamics simulation, Monte Carlo simulation, Phase field model}
}

@article{Lieberman2015CalculationImages,
    title = {{Calculation of grain boundary normals directly from 3D microstructure images}},
    year = {2015},
    journal = {Modelling and Simulation in Materials Science and Engineering},
    author = {Lieberman, E. J. and Rollett, A. D. and Lebensohn, R. A. and Kober, E. M.},
    number = {3},
    volume = {23},
    publisher = {IOP Publishing},
    doi = {10.1088/0965-0393/23/3/035005},
    issn = {1361651X},
    keywords = {Grain boundaries, Image analysis, Microstructure, Moment analysis}
}

@article{Dillon2009CharacterizationFIB,
    title = {{Characterization of the grain-boundary character and energy distributions of yttria using automated serial sectioning and ebsd in the FIB}},
    year = {2009},
    journal = {Journal of the American Ceramic Society},
    author = {Dillon, Shen J. and Rohrer, Gregory S.},
    number = {7},
    pages = {1580--1585},
    volume = {92},
    doi = {10.1111/j.1551-2916.2009.03064.x},
    issn = {00027820}
}

@article{Dye1996CharacterizationVirus,
    title = {{Characterization of upper respiratory disease in rats following neonatal inoculation with a rat-adapted influenza virus}},
    year = {1996},
    journal = {Veterinary Pathology},
    author = {Dye, J. A. and Morgan, K. T. and Neldon, D. L. and Tepper, J. S. and Burleson, G. R. and Costa, D. L.},
    number = {1},
    pages = {43--54},
    volume = {33},
    doi = {10.1177/030098589603300105},
    issn = {03009858},
    pmid = {8826005},
    keywords = {Influenza virus, Nasal cavity, Neonatal rats}
}

@article{Driscoll2014Chebfun5,
    title = {{Chebfun guide: For Chebfun version 5}},
    year = {2014},
    author = {Driscoll, T. A. and Hale, N. and Trefethen, L. N.},
    pages = {212},
    url = {http://www.chebfun.org/docs/guide/chebfun_guide.pdf}
}

@article{Jin2018ColossalAnnealing,
    title = {{Colossal grain growth yields single-crystal metal foils by contact-free annealing}},
    year = {2018},
    journal = {Science},
    author = {Jin, Sunghwan and Huang, Ming and Kwon, Youngwoo and Zhang, Leining and Li, Bao Wen and Oh, Sangjun and Dong, Jichen and Luo, Da and Biswal, Mandakini and Cunning, Benjamin V. and Bakharev, Pavel V. and Moon, Inyong and Yoo, Won Jong and Camacho-Mojica, Dulce C. and Kim, Yong Jin and Lee, Sun Hwa and Wang, Bin and Seong, Won Kyung and Saxena, Manav and Ding, Feng and Shin, Hyung Joon and Ruoff, Rodney S.},
    number = {6418},
    pages = {1021--1025},
    volume = {362},
    doi = {10.1126/science.aao3373},
    issn = {10959203},
    pmid = {30337454}
}

@article{Jin2018ColossalInformation,
    title = {{Colossal grain growth yields single-crystal metal foils by contact-free annealing (Supporting Information)}},
    year = {2018},
    journal = {Science},
    author = {Jin, Sunghwan and Huang, Ming and Kwon, Youngwoo and Zhang, Leining and Li, Bao Wen and Oh, Sangjun and Dong, Jichen and Luo, Da and Biswal, Mandakini and Cunning, Benjamin V. and Bakharev, Pavel V. and Moon, Inyong and Yoo, Won Jong and Camacho-Mojica, Dulce C. and Kim, Yong Jin and Lee, Sun Hwa and Wang, Bin and Seong, Won Kyung and Saxena, Manav and Ding, Feng and Shin, Hyung Joon and Ruoff, Rodney S.},
    number = {6418},
    pages = {1021--1025},
    volume = {362},
    doi = {10.1126/science.aao3373},
    issn = {10959203},
    pmid = {30337454}
}

@article{Rohrer2010ComparingNickel,
    title = {{Comparing calculated and measured grain boundary energies in nickel}},
    year = {2010},
    journal = {Acta Materialia},
    author = {Rohrer, Gregory S. and Holm, Elizabeth A. and Rollett, Anthony D. and Foiles, Stephen M. and Li, Jia and Olmsted, David L.},
    number = {15},
    pages = {5063--5069},
    volume = {58},
    publisher = {Acta Materialia Inc.},
    url = {http://dx.doi.org/10.1016/j.actamat.2010.05.042},
    doi = {10.1016/j.actamat.2010.05.042},
    issn = {13596454},
    keywords = {EBSD, Grain boundary energy, Grain boundary junctions, MD-simulations, Serial sectioning}
}

@article{Holm2010ComparingNi,
    title = {{Comparing grain boundary energies in face-centered cubic metals: Al, Au, Cu and Ni}},
    year = {2010},
    journal = {Scripta Materialia},
    author = {Holm, Elizabeth A. and Olmsted, David L. and Foiles, Stephen M.},
    number = {9},
    pages = {905--908},
    volume = {63},
    publisher = {Acta Materialia Inc.},
    url = {http://dx.doi.org/10.1016/j.scriptamat.2010.06.040},
    doi = {10.1016/j.scriptamat.2010.06.040},
    issn = {13596462},
    keywords = {Grain boundary energy, Grain boundary structure, MD-simulations, Misorientation}
}

@article{Luo2015ComputationEnergy,
    title = {{Computation of five-dimensional grain boundary energy}},
    year = {2015},
    journal = {Acta Metallurgica Sinica (English Letters)},
    author = {Luo, Yong Kun and Qin, Rong Shan},
    number = {5},
    pages = {634--640},
    volume = {28},
    doi = {10.1007/s40195-015-0242-8},
    issn = {21941289},
    keywords = {Boundaries, Grain boundary energy, Grain boundary structure}
}

@article{Lee2004ComputationEnergies,
    title = {{Computation of grain boundary energies}},
    year = {2004},
    journal = {Modelling and Simulation in Materials Science and Engineering},
    author = {Lee, Byeong Joo and Choi, Shi Hoon},
    number = {4},
    pages = {621--632},
    volume = {12},
    doi = {10.1088/0965-0393/12/4/005},
    issn = {09650393}
}

@article{Duffy1983ComputerOxide,
    title = {{Computer simulation of ⟨001⟩ tilt grain boundaries in nickel oxide}},
    year = {1983},
    journal = {Philosophical Magazine A: Physics of Condensed Matter, Structure, Defects and Mechanical Properties},
    author = {Duffy, D. M. and Tasker, P. W.},
    number = {6},
    pages = {817--825},
    volume = {47},
    doi = {10.1080/01418618308243121},
    issn = {01418610}
}

@article{Elden2015ComputingRegression,
    title = {{Computing Frechet derivatives in partial least squares regression}},
    year = {2015},
    journal = {Linear Algebra and Its Applications},
    author = {Eld{\'{e}}n, Lars},
    pages = {316--338},
    volume = {473},
    publisher = {Elsevier Inc.},
    url = {http://dx.doi.org/10.1016/j.laa.2014.09.017},
    doi = {10.1016/j.laa.2014.09.017},
    issn = {00243795},
    keywords = {Degrees of freedom, Frechet derivative, Golub-Kahan bidiagonalization, Krylov method, Least squares, PLS, Partial least squares, Perturbation theory, Prediction, Recursion, Regression}
}

@article{Rowenhorst2015ConsistentRotations,
    title = {{Consistent representations of and conversions between 3D rotations}},
    year = {2015},
    journal = {Modelling and Simulation in Materials Science and Engineering},
    author = {Rowenhorst, D and Rollett, A D and Rohrer, G S and Groeber, M and Jackson, M and Konijnenberg, P J and De Graef, M},
    number = {8},
    month = {12},
    pages = {083501},
    volume = {23},
    url = {https://iopscience.iop.org/article/10.1088/0965-0393/23/8/083501},
    doi = {10.1088/0965-0393/23/8/083501},
    issn = {0965-0393},
    keywords = {3D rotation, crystallography, quaternion}
}

@article{Rowenhorst2015ConsistentRotationsb,
    title = {{Consistent representations of and conversions between 3D rotations}},
    year = {2015},
    journal = {Modelling and Simulation in Materials Science and Engineering},
    author = {Rowenhorst, D. and Rollett, A. D. and Rohrer, G. S. and Groeber, M. and Jackson, M. and Konijnenberg, P. J. and De Graef, M.},
    number = {8},
    pages = {0--22},
    volume = {23},
    publisher = {IOP Publishing},
    url = {https://dx.doi.org/10.1088/0965-0393/23/8/083501},
    doi = {10.1088/0965-0393/23/8/083501},
    issn = {1361651X},
    keywords = {3D rotation, crystallography, quaternion}
}

@article{Rowenhorst2015ConsistentRotationsc,
    title = {{Consistent representations of and conversions between 3D rotations}},
    year = {2015},
    journal = {Modelling and Simulation in Materials Science and Engineering},
    author = {Rowenhorst, D. and Rollett, A. D. and Rohrer, G. S. and Groeber, M. and Jackson, M. and Konijnenberg, P. J. and De Graef, M.},
    number = {8},
    pages = {1--26},
    volume = {23},
    doi = {10.1088/0965-0393/23/8/083501},
    issn = {1361651X},
    keywords = {3D rotation, crystallography, quaternion}
}

@article{Wang2007ConstructingInterpolation,
    title = {{Constructing spherical curves by interpolation}},
    year = {2007},
    journal = {Advances in Engineering Software},
    author = {Wang, Xiaoping and Zhou, Rurong and Ye, Zhenglin and Zhang, Liyan},
    number = {3},
    pages = {150--157},
    volume = {38},
    doi = {10.1016/j.advengsoft.2006.08.015},
    issn = {09659978},
    keywords = {Blending, Conical surface, G2 Continuity, Interpolation, Spherical splines}
}

@article{Hosking2009ControlMetals,
    title = {{Control of free-surface instabilities during electromagnetic shaping of liquid metals}},
    year = {2009},
    journal = {Magnetohydrodynamics},
    author = {Hosking, Roger J. and Husain, Saiful A.},
    number = {4},
    pages = {511--518},
    volume = {1120502},
    isbn = {1081286507079},
    doi = {10.1002/pamm.2007},
    issn = {0024998X}
}

@article{Belisle1998ConvergenceSamplers,
    title = {{Convergence properties of Hit-and-Run samplers}},
    year = {1998},
    journal = {Communications in Statistics. Part C: Stochastic Models},
    author = {B{\'{e}}lisle, Claude and Boneh, Arnon and Caron, Richard J.},
    number = {4},
    pages = {767--800},
    volume = {14},
    doi = {10.1080/15326349808807500},
    issn = {08820287},
    keywords = {Hit-and-Run algorithms, Monte Carlo methods}
}

@article{An2018CorrelatingSectioning,
    title = {{Correlating the five parameter grain boundary character distribution and the intergranular corrosion behaviour of a stainless steel using 3D orientation microscopy based on mechanical polishing serial sectioning}},
    year = {2018},
    journal = {Acta Materialia},
    author = {An, D. and Griffiths, T. A. and Konijnenberg, P. and Mandal, S. and Wang, Z. and Zaefferer, S.},
    pages = {297--309},
    volume = {156},
    doi = {10.1016/j.actamat.2018.06.044},
    issn = {13596454},
    keywords = {Grain boundary character, Intergranular corrosion, Mechanical polishing 3D-EBSD, Stainless steel}
}

@article{Lawson1984CSPHERE,
    title = {{C¹ SURFACE INTERPOLATION FOR SCATTERED DATA ON A SPHERE}},
    year = {1984},
    author = {Lawson, Charles L.},
    number = {1},
    pages = {223--237},
    volume = {14}
}

@article{Symposium2001DefenseSurfaces,
    title = {{Defense Technical Information Center Compilation Part Notice TITLE : Orthogonal Distance Fitting of Parametric Curves and Surfaces Orthogonal distance fitting of parametric curves and surfaces}},
    year = {2001},
    author = {Symposium, International}
}

@article{Rohrer2010DerivingData,
    title = {{Deriving grain boundary character distributions and relative grain boundary energies from three-dimensional EBSD data}},
    year = {2010},
    journal = {Materials Science and Technology},
    author = {Rohrer, G. S. and Li, J. and Lee, S. and Rollett, A. D. and Groeber, M. and Uchic, M. D.},
    number = {6},
    pages = {661--669},
    volume = {26},
    url = {https://dx.doi.org/10.1179/026708309X12468927349370},
    doi = {10.1179/026708309X12468927349370},
    issn = {02670836},
    keywords = {EBSD, Grain boundaries, Grain boundary energy, Serial sectioning, Superalloy, Three-dimensional microstructure}
}

@article{Brener2008DesigningGroups,
    title = {{Designing modular lattice systems with chiral space groups}},
    year = {2008},
    journal = {International Journal of Robotics Research},
    author = {Brener, Nicolas and Ben Amar, Faiz and Bidaud, Philippe},
    number = {3-4},
    pages = {279--297},
    volume = {27},
    doi = {10.1177/0278364908089349},
    issn = {02783649},
    keywords = {Kinematics, Lattice, Modular, Self-reconfigurable, Space groups}
}

@article{Ghamarian2017DeterminationMicroscopy,
    title = {{Determination of the five parameter grain boundary character distribution of nanocrystalline alpha-zirconium thin films using transmission electron microscopy}},
    year = {2017},
    journal = {Acta Materialia},
    author = {Ghamarian, I. and Samimi, P. and Rohrer, G. S. and Collins, P. C.},
    pages = {164--176},
    volume = {130},
    publisher = {Elsevier Ltd},
    url = {http://dx.doi.org/10.1016/j.actamat.2017.03.041},
    doi = {10.1016/j.actamat.2017.03.041},
    issn = {13596454},
    keywords = {ASTAR™/PED, Grain boundary character distribution, Nanocrystalline, Thin film, Zirconium}
}

@article{Shen2019DeterminingSpace,
    title = {{Determining grain boundary energies from triple junction geometries without discretizing the five-parameter space}},
    year = {2019},
    journal = {Acta Materialia},
    author = {Shen, Yu Feng and Zhong, Xiaoting and Liu, He and Suter, Robert M. and Morawiec, Adam and Rohrer, Gregory S.},
    pages = {126--134},
    volume = {166},
    publisher = {Elsevier Ltd},
    url = {https://doi.org/10.1016/j.actamat.2018.12.022},
    doi = {10.1016/j.actamat.2018.12.022},
    issn = {13596454},
    keywords = {Five-parameter space, Grain boundary energy, Polycrystalline material, Regularization, Triple junction geometry}
}

@article{Ma1993DiffusionInterpretation,
    title = {{Diffusion along [001] tilt boundaries in the Au/Ag system-II. atomistic modeling and interpretation}},
    year = {1993},
    journal = {Acta Metallurgica Et Materialia},
    author = {Ma, Qing and Liu, C. L. and Adams, J. B. and Balluffi, R. W.},
    number = {1},
    pages = {143--151},
    volume = {41},
    doi = {10.1016/0956-7151(93)90346-T},
    issn = {09567151}
}

@article{Rosenbrock2017DiscoveringBoundaries,
    title = {{Discovering the building blocks of atomic systems using machine learning: Application to grain boundaries}},
    year = {2017},
    journal = {npj Computational Materials},
    author = {Rosenbrock, Conrad W. and Homer, Eric R. and Cs{\'{a}}nyi, Gábor and Hart, Gus L.W.},
    number = {1},
    pages = {1--7},
    volume = {3},
    doi = {10.1038/s41524-017-0027-x},
    issn = {20573960}
}

@article{Hormann2017DiscretizingSafe,
    title = {{Discretizing Wachspress kernels is safe}},
    year = {2017},
    journal = {Computer Aided Geometric Design},
    author = {Hormann, Kai and Kosinka, Jiří},
    pages = {126--134},
    volume = {52-53},
    doi = {10.1016/j.cagd.2017.02.015},
    issn = {01678396},
    keywords = {Barycentric coordinates, Barycentric kernel, Convergence, Wachspress coordinates}
}

@article{Division2008EffectGrooving,
    title = {{Effect of faceting on the thermal grain-boundary grooving}},
    year = {2008},
    author = {Division, Ceramics and Ridge, Oak and Ridge, Oak},
    pages = {815--830},
    isbn = {0141861011009}
}

@phdthesis{DaviesEffectiveLearning,
    title = {{Effective implementation of Gaussian process regression for machine learning}},
    author = {Davies, Alexander},
    pages = {1--120}
}

@article{Park2016EfficientProcesses,
    title = {{Efficient computation of Gaussian process regression for large spatial data sets by patching local Gaussian processes}},
    year = {2016},
    journal = {Journal of Machine Learning Research},
    author = {Park, Chiwoo and Huang, Jianhua Z.},
    pages = {1--29},
    volume = {17},
    issn = {15337928},
    keywords = {Boundary value problem, Constrained Gaussian process regression, Kriging, Local regression, Spatial prediction, Variational problem}
}

@article{Long2015EfficientDifferentiation,
    title = {{Efficient Discretization and Differentiation of Partial Differential Equations through Automatic Functional Differentiation}},
    year = {2015},
    author = {Long, Kevin},
    number = {January}
}

@article{Hansen2017EfficientInversion,
    title = {{Efficient Monte Carlo sampling of inverse problems using a neural network-based forward-applied to GPR crosshole traveltime inversion}},
    year = {2017},
    journal = {Geophysical Journal International},
    author = {Hansen, T. M. and Cordua, K. S.},
    number = {3},
    pages = {1524--1533},
    volume = {211},
    doi = {10.1093/GJI/GGX380},
    issn = {1365246X},
    keywords = {Ground penetrating radar, Inverse theory, Neural networks, Tomography}
}

@article{Hansen2017EfficientInversionb,
    title = {{Efficient Monte Carlo sampling of inverse problems using a neural network-based forward-applied to GPR crosshole traveltime inversion}},
    year = {2017},
    journal = {Geophysical Journal International},
    author = {Hansen, T. M. and Cordua, K. S.},
    number = {3},
    pages = {1524--1533},
    volume = {211},
    doi = {10.1093/GJI/GGX380},
    issn = {1365246X},
    keywords = {Ground penetrating radar, Inverse theory, Neural networks, Tomography}
}

@article{Dette2017EfficientBoundaries,
    title = {{Efficient sampling in materials simulation - Exploring the parameter space of grain boundaries}},
    year = {2017},
    journal = {Acta Materialia},
    author = {Dette, Holger and G{\"{o}}smann, Josua and Greiff, Christian and Janisch, Rebecca},
    pages = {145--155},
    volume = {125},
    doi = {10.1016/j.actamat.2016.11.044},
    issn = {13596454},
    keywords = {Atomistic simulations, Design of experiment, Grain boundary energy, High-throughput methods, Sequential sampling}
}

@article{READEY1968EnergiesOxide,
    title = {{Energies and Grooving Kinetics of [001] Tilt Boundaries in Nickel Oxide}},
    year = {1968},
    journal = {Journal of the American Ceramic Society},
    author = {READEY, D. W. and JECH, R. E.},
    number = {4},
    month = {4},
    pages = {201--208},
    volume = {51},
    publisher = {John Wiley {\&} Sons, Ltd},
    url = {http://doi.wiley.com/10.1111/j.1151-2916.1968.tb11873.x},
    doi = {10.1111/j.1151-2916.1968.tb11873.x},
    issn = {0002-7820}
}

@article{Wang2005EnhancedNetworks,
    title = {{Enhanced diffusivity by triple junction networks}},
    year = {2005},
    journal = {Scripta Materialia},
    author = {Wang, Hongtao and Yang, Wei and Ngan, A. H.W.},
    number = {1},
    pages = {69--73},
    volume = {52},
    doi = {10.1016/j.scriptamat.2004.08.025},
    issn = {13596462},
    keywords = {Diffusion, Electrodeposition, Grain boundary, Nanocrystalline material, Triple junction}
}

@article{Kotlar2019EvaluationConductivity,
    title = {{Evaluation of Parametric and Nonparametric Machine‐Learning Techniques for Prediction of Saturated and Near‐Saturated Hydraulic Conductivity}},
    year = {2019},
    journal = {Vadose Zone Journal},
    author = {Kotlar, Ali Mehmandoost and Iversen, Bo V. and Jong van Lier, Quirijn},
    number = {1},
    pages = {1--13},
    volume = {18},
    doi = {10.2136/vzj2018.07.0141},
    issn = {1539-1663}
}

@article{Malinverno2004ExpandedBayes,
    title = {{Expanded uncertainty quantification in inverse problems: Hierarchical Bayes and empirical Bayes}},
    year = {2004},
    journal = {Geophysics},
    author = {Malinverno, Alberto and Briggs, Victoria A.},
    number = {4},
    pages = {1005--1016},
    volume = {69},
    doi = {10.1190/1.1778243},
    issn = {00168033}
}

@article{Ksibi2020ExperimentalDioxide,
    title = {{Experimental and numerical assessment of grain boundary energies in polycrystalline uranium dioxide}},
    year = {2020},
    journal = {Journal of the European Ceramic Society},
    author = {Ksibi, A. and Bourasseau, E. and Iltis, X. and Drouan, D. and Gaudet, M. and Germain, A. and Pena, A. and Lapertot, G. and Brison, J.-P. and Belin, R.C.},
    number = {April},
    pages = {0--1},
    publisher = {Elsevier},
    url = {https://doi.org/10.1016/j.jeurceramsoc.2020.04.041},
    doi = {10.1016/j.jeurceramsoc.2020.04.041},
    issn = {09552219},
    keywords = {CRG potential, Grain boundaries, Grain boundary energy, Groove, Surface energy, Thermal grooving theory, UO2, Uranium dioxide}
}

@article{Bourasseau2019Experimental2,
    title = {{Experimental and simulation study of grain boundaries in UO 2}},
    year = {2019},
    journal = {Journal of Nuclear Materials},
    author = {Bourasseau, Emeric and Mouret, Alexandre and Fantou, Paul and Iltis, Xavière and Belin, Renaud C.},
    pages = {286--295},
    volume = {517},
    doi = {10.1016/j.jnucmat.2019.02.033},
    issn = {00223115}
}

@article{Reed2012ExperimentalPopulations,
    title = {{Experimental tests of stereological estimates of grain boundary populations}},
    year = {2012},
    journal = {Acta Materialia},
    author = {Reed, B. W. and Adams, B. L. and Bernier, J. V. and Hefferan, C. M. and Henrie, A. and Li, S. F. and Lind, J. and Suter, R. M. and Kumar, M.},
    number = {6-7},
    pages = {2999--3010},
    volume = {60},
    doi = {10.1016/j.actamat.2012.02.005},
    issn = {13596454},
    keywords = {3-D characterization, Electron backscatter diffraction (EBSD), Grain boundary engineering, High-energy X-ray diffraction, Twin boundary}
}

@article{Gomberg2017ExtractingLearning,
    title = {{Extracting knowledge from molecular mechanics simulations of grain boundaries using machine learning}},
    year = {2017},
    journal = {Acta Materialia},
    author = {Gomberg, Joshua A. and Medford, Andrew J. and Kalidindi, Surya R.},
    pages = {100--108},
    volume = {133},
    publisher = {Elsevier Ltd},
    url = {http://dx.doi.org/10.1016/j.actamat.2017.05.009},
    doi = {10.1016/j.actamat.2017.05.009},
    issn = {13596454},
    keywords = {Grain boundaries, Materials informatics, Molecular dynamics, Pair correlation function, Principal component analysis, Process-structure-property linkage}
}

@article{Adams1998ExtractingMicrostructures,
    title = {{Extracting the relative grain boundary free energy and mobility functions from the geometry of microstructures}},
    year = {1998},
    journal = {Scripta Materialia},
    author = {Adams, B. L. and Kinderlehrer, D. and Mullins, W. W. and Rollett, A. D. and Ta'asan, Shlomo},
    number = {4},
    pages = {531--536},
    volume = {38},
    doi = {10.1016/S1359-6462(97)00530-7},
    issn = {13596462}
}

@article{Cavoretto2010FastSphere,
    title = {{Fast and accurate interpolation of large scattered data sets on the sphere}},
    year = {2010},
    journal = {Journal of Computational and Applied Mathematics},
    author = {Cavoretto, Roberto and De Rossi, Alessandra},
    number = {5},
    pages = {1505--1521},
    volume = {234},
    publisher = {Elsevier B.V.},
    url = {http://dx.doi.org/10.1016/j.cam.2010.02.031},
    doi = {10.1016/j.cam.2010.02.031},
    issn = {03770427},
    keywords = {Interpolation algorithms, Local methods, Scattered data interpolation, Spherical Shepard's formula, Zonal basis functions}
}

@article{Moghiseh2008FastGrids,
    title = {{Fast Wavelet Transform by Biorthogonal Locally Supported Radial Basis Functions on Fixed Spherical Grids}},
    year = {2008},
    author = {Moghiseh, A A},
    pages = {1--156},
    url = {papers://b6c7d293-c492-48a4-91d5-8fae456be1fa/Paper/p7846%5Cnfile:///C:/Users/Serguei/OneDrive/Documents/Papers/Fast Wavelet Transform by Biorthogonal-2008-01-23.pdf}
}

@article{Alfeld1996FittingSplines,
    title = {{Fitting scattered data on sphere-like surfaces using spherical splines}},
    year = {1996},
    journal = {Journal of Computational and Applied Mathematics},
    author = {Alfeld, Peter and Neamtu, Marian and Schumaker, Larry L.},
    number = {1-2},
    pages = {5--43},
    volume = {73},
    doi = {10.1016/0377-0427(96)00034-9},
    issn = {03770427},
    keywords = {Approximation, Clough-Tocher cubic splines, Data fitting, Homogeneous splines, Interpolation, Least squares approximation, Minimal energy splines, Multivariate splines, Powell-Sabin quadratic splines, Quintic piecewise, Sphere-like surfaces, Spherical splines}
}

@article{Randle2008Five-parameterCopper,
    title = {{Five-parameter grain boundary distribution of commercially grain boundary engineered nickel and copper}},
    year = {2008},
    journal = {Acta Materialia},
    author = {Randle, V. and Rohrer, G. S. and Miller, H. M. and Coleman, M. and Owen, G. T.},
    number = {10},
    pages = {2363--2373},
    volume = {56},
    doi = {10.1016/j.actamat.2008.01.039},
    issn = {13596454},
    keywords = {Electron backscatter diffraction, Grain boundary, Grain boundary plane, Grain boundary twin}
}

@article{Farabi2018Five-parameterTitanium,
    title = {{Five-parameter intervariant boundary characterization of martensite in commercially pure titanium}},
    year = {2018},
    journal = {Acta Materialia},
    author = {Farabi, Ehsan and Hodgson, Peter D. and Rohrer, Gregory S. and Beladi, Hossein},
    pages = {147--160},
    volume = {154},
    publisher = {Elsevier Ltd},
    url = {https://doi.org/10.1016/j.actamat.2018.05.023},
    doi = {10.1016/j.actamat.2018.05.023},
    issn = {13596454},
    keywords = {Crystallography, Intervariant boundary plane character distribution, Martensite transformation, Pure titanium, Variant selection}
}

@article{Fernandez-Martinez2013FromProblems,
    title = {{From Bayes to Tarantola: New insights to understand uncertainty in inverse problems}},
    year = {2013},
    journal = {Journal of Applied Geophysics},
    author = {Fern{\'{a}}ndez-Mart{\'{i}}nez, J. L. and Fern{\'{a}}ndez-Mu{\~{n}}iz, Z. and Pallero, J. L.G. and Pedruelo-Gonz{\'{a}}lez, L. M.},
    pages = {62--72},
    volume = {98},
    publisher = {Elsevier B.V.},
    url = {http://dx.doi.org/10.1016/j.jappgeo.2013.07.005},
    doi = {10.1016/j.jappgeo.2013.07.005},
    issn = {09269851},
    keywords = {Decision making, Inverse problems, Linear and nonlinear inversion, Uncertainty analysis}
}

@article{Wang2016FunctionalAnalysis,
    title = {{Functional Data Analysis}},
    year = {2016},
    journal = {Annual Review of Statistics and Its Application},
    author = {Wang, Jane Ling and Chiou, Jeng Min and M{\"{u}}ller, Hans Georg},
    pages = {257--295},
    volume = {3},
    doi = {10.1146/annurev-statistics-041715-033624},
    issn = {2326831X},
    keywords = {Clustering and classification, Functional additive model, Functional correlation, Functional linear regression, Functional principal component analysis, Time warping}
}

@article{Yao2005FunctionalData,
    title = {{Functional linear regression analysis for longitudinal data}},
    year = {2005},
    journal = {Annals of Statistics},
    author = {Yao, Fang and Muller, Hans Georg and Wang, Jane Ling},
    number = {6},
    pages = {2873--2903},
    volume = {33},
    doi = {10.1214/009053605000000660},
    issn = {00905364},
    keywords = {Asymptotics, Coefficient of determination, Confidence band, Eigenfunctions, Functional data analysis, Prediction, Repeated measurements, Smoothing, Stochastic process}
}

@article{Morris2015FunctionalRegression,
    title = {{Functional Regression}},
    year = {2015},
    journal = {Annual Review of Statistics and Its Application},
    author = {Morris, Jeffrey S.},
    pages = {321--359},
    volume = {2},
    doi = {10.1146/annurev-statistics-010814-020413},
    issn = {2326831X},
    arxivId = {1406.4068},
    keywords = {Functional data analysis, Functional mixed effect models, Generalized additive models, Principal component analysis, Splines, Wavelets}
}

@book{Engel2011FunctionalsDerivatives,
    title = {{Functionals and Functional Derivatives}},
    year = {2011},
    booktitle = {Theoretical and Mathematical Physics},
    author = {Engel, Eberhard and Dreizler, Reiner M.},
    number = {5},
    pages = {499--515},
    volume = {2011},
    isbn = {9783642140891},
    doi = {10.1007/978-3-642-14090-7},
    issn = {18645879}
}

@article{ASTM2013G148-97Technique,
    title = {{G148-97 Standard Practice for Evaluation of Hydrogen Uptake , Permeation , and Transport in Metals by an Electrochemical Technique}},
    year = {2013},
    author = {{ASTM}},
    number = {Reapproved 2011},
    pages = {1--10},
    volume = {i},
    doi = {10.1520/G0148-97}
}

@article{Shi2007GaussianData,
    title = {{Gaussian process functional regression modeling for batch data}},
    year = {2007},
    journal = {Biometrics},
    author = {Shi, J. Q. and Wang, B. and Murray-Smith, R. and Titterington, D. M.},
    number = {3},
    pages = {714--723},
    volume = {63},
    doi = {10.1111/j.1541-0420.2007.00758.x},
    issn = {0006341X},
    pmid = {17825005},
    keywords = {B-spline, Batch data, Functional data analysis, Gaussian process functional regression model, Gaussian process regression model, Multiple-step-ahead forecasting, Nonparametric curve fitting}
}

@article{Rasmussen2016GaussianConcepts,
    title = {{Gaussian Process Key concepts}},
    year = {2016},
    author = {Rasmussen, Carl Edward},
    pages = {1--11}
}

@article{Valentine2020GaussianTheory,
    title = {{Gaussian process models-I. A framework for probabilistic continuous inverse theory}},
    year = {2020},
    journal = {Geophysical Journal International},
    author = {Valentine, Andrew P. and Sambridge, Malcolm},
    number = {3},
    pages = {1632--1647},
    volume = {220},
    publisher = {Oxford University Press},
    doi = {10.1093/gji/ggz520},
    issn = {1365246X},
    keywords = {Inverse theory, Probability distributions, Statistical methods}
}

@article{DiAchille2018GaussianMechanics,
    title = {{Gaussian process regressions for inverse problems and parameter searches in models of ventricular mechanics}},
    year = {2018},
    journal = {Frontiers in Physiology},
    author = {Di Achille, Paolo and Harouni, Ahmed and Khamzin, Svyatoslav and Solovyova, Olga and Rice, John J. and Gurev, Viatcheslav},
    number = {AUG},
    pages = {1--17},
    volume = {9},
    doi = {10.3389/fphys.2018.01002},
    issn = {1664042X},
    keywords = {FEM, Infarct model, Inverse optimization, Kriging, LV mechanics, Statistical learning, Unloaded configuration}
}

@article{McHutchon2011GaussianNoise,
    title = {{Gaussian Process training with input noise}},
    year = {2011},
    journal = {Advances in Neural Information Processing Systems 24: 25th Annual Conference on Neural Information Processing Systems 2011, NIPS 2011},
    author = {McHutchon, Andrew and Rasmussen, Carl Edward},
    pages = {1--9},
    isbn = {9781618395993}
}

@article{Albert2019GaussianEquations,
    title = {{Gaussian Processes for Data Fulfilling Linear Differential Equations}},
    year = {2019},
    journal = {Proceedings},
    author = {Albert, Christopher G.},
    number = {1},
    pages = {5},
    volume = {33},
    doi = {10.3390/proceedings2019033005},
    issn = {2504-3900},
    arxivId = {1909.03447},
    keywords = {field reconstruction, gaussian process regression, meshless, partial differential equations}
}

@article{Liutkus2011GaussianSeparation,
    title = {{Gaussian Processes for Underdetermined Source Separation To cite this version : HAL Id : hal-00643951 Gaussian Processes for Underdetermined Source Separation}},
    year = {2011},
    author = {Liutkus, Antoine and Badeau, Roland and Richard, Gaël and Liutkus, Antoine and Badeau, Roland and Richard, Gaël and Processes, Gaussian and Liutkus, Antoine and Badeau, Roland and Member, Senior and Richard, Gaël and Member, Senior}
}

@article{Mosegaard2019GeneralTarantola,
    title = {{General rights Quest for consistency, symmetry and simplicity-The legacy of Albert Tarantola}},
    year = {2019},
    journal = {Downloaded from orbit.dtu.dk on},
    author = {Mosegaard, Klaus},
    url = {https://doi.org/10.1190/GEO2010-0328.1},
    doi = {10.1190/GEO2010-0328.1}
}

@article{Floater2015GeneralizedApplications,
    title = {{Generalized barycentric coordinates and applications}},
    year = {2015},
    journal = {Acta Numerica},
    author = {Floater, M.S.},
    number = {April},
    pages = {161--214},
    volume = {24},
    isbn = {0962492914},
    doi = {10.1017/S09624929},
    issn = {0962-4929},
    arxivId = {arXiv:1711.05337v1},
    keywords = {nonlinear eigenvalue problems}
}

@article{Tarantola1982GeneralizedCriterion,
    title = {{Generalized nonlinear inverse problems solved using the least squares criterion}},
    year = {1982},
    journal = {Reviews of Geophysics},
    author = {Tarantola, Albert and Valette, Bernard},
    number = {2},
    month = {5},
    pages = {219},
    volume = {20},
    publisher = {John Wiley {\&} Sons, Ltd},
    url = {http://doi.wiley.com/10.1029/RG020i002p00219},
    doi = {10.1029/RG020i002p00219},
    issn = {8755-1209}
}

@article{Valette1982GeneralizedCriterion,
    title = {{Generalized nonlinear inverse problems solved using the least squares criterion}},
    year = {1982},
    journal = {Reviews of Geophysics},
    author = {Valette, Bernard and Tarantola, Albert},
    number = {2},
    pages = {219},
    volume = {20}
}

@article{Park2012GPLP:Regression,
    title = {{GPLP: A local and parallel computation toolbox for Gaussian process regression}},
    year = {2012},
    journal = {Journal of Machine Learning Research},
    author = {Park, Chiwoo and Huang, Jianhua Z. and Ding, Yu},
    pages = {775--779},
    volume = {13},
    issn = {15324435},
    keywords = {Bagging for Gaussian process, Domain decomposition method, Gaussian process regression, Local probabilistic regression, Partial independent conditional}
}

@article{Duffy1986GrainCrystals,
    title = {{Grain boundaries in ionic crystals}},
    year = {1986},
    journal = {Journal of Physics C: Solid State Physics},
    author = {Duffy, D. M.},
    number = {23},
    pages = {4393--4412},
    volume = {19},
    doi = {10.1088/0022-3719/19/23/005},
    issn = {00223719}
}

@article{Dhalenne2015GrainBoundaries,
    title = {{Grain Boundaries in NiO. I. Relative Energies of <001> Tilt Boundaries}},
    year = {2015},
    journal = {Oral Medicine},
    author = {{Dhalenne}},
    number = {3},
    pages = {255--263},
    volume = {46},
    isbn = {1111111111},
    doi = {10.1207/s15327752jpa8502}
}

@article{Dhalenne2015GrainGrooving,
    title = {{Grain Boundaries in NiO. II. Determination of mass transport mechanisms by thermal grooving}},
    year = {2015},
    journal = {Oral Medicine},
    author = {{Dhalenne}},
    number = {3},
    pages = {255--263},
    volume = {46},
    isbn = {1111111111},
    doi = {10.1207/s15327752jpa8502}
}

@article{Ratanaphan2017GrainCopper,
    title = {{Grain boundary character distribution in electroplated nanotwinned copper}},
    year = {2017},
    journal = {Journal of Materials Science},
    author = {Ratanaphan, Sutatch and Raabe, Dierk and Sarochawikasit, Rajchawit and Olmsted, David L. and Rohrer, Gregory S. and Tu, K. N.},
    number = {7},
    pages = {4070--4085},
    volume = {52},
    doi = {10.1007/s10853-016-0670-5},
    issn = {15734803}
}

@article{Ratanaphan2015GrainMetals,
    title = {{Grain boundary energies in body-centered cubic metals}},
    year = {2015},
    journal = {Acta Materialia},
    author = {Ratanaphan, Sutatch and Olmsted, David L. and Bulatov, Vasily V. and Holm, Elizabeth A. and Rollett, Anthony D. and Rohrer, Gregory S.},
    month = {4},
    pages = {346--354},
    volume = {88},
    url = {https://linkinghub.elsevier.com/retrieve/pii/S1359645415000828},
    doi = {10.1016/j.actamat.2015.01.069},
    issn = {13596454}
}

@article{Rohrer2011GrainReview,
    title = {{Grain boundary energy anisotropy: A review}},
    year = {2011},
    journal = {Journal of Materials Science},
    author = {Rohrer, Gregory S.},
    number = {18},
    pages = {5881--5895},
    volume = {46},
    doi = {10.1007/s10853-011-5677-3},
    issn = {00222461}
}

@article{Bulatov2014GrainMetals,
    title = {{Grain boundary energy function for fcc metals}},
    year = {2014},
    journal = {Acta Materialia},
    author = {Bulatov, Vasily V. and Reed, Bryan W. and Kumar, Mukul},
    pages = {161--175},
    volume = {65},
    doi = {10.1016/j.actamat.2013.10.057},
    issn = {13596454}
}

@article{Suo2004GrainGrooving,
    title = {{Grain boundary grooving}},
    year = {2004},
    journal = {Small},
    author = {Suo, Z},
    pages = {1--7}
}

@article{Rabkin2000GrainSurfaces,
    title = {{Grain boundary grooving at the singular surfaces}},
    year = {2000},
    journal = {Acta Materialia},
    author = {Rabkin, E. and Klinger, L. and Semenov, V.},
    number = {7},
    pages = {1533--1540},
    volume = {48},
    doi = {10.1016/S1359-6454(99)00432-2},
    issn = {13596454},
    keywords = {afm, atomic force microscopy, grain boundaries, intermetallic compounds, surface di, usion}
}

@article{Ware2018GrainTricrystals,
    title = {{Grain boundary plane manipulation in directionally solidified bicrystals and tricrystals}},
    year = {2018},
    journal = {Scripta Materialia},
    author = {Ware, Logan G. and Suzuki, Daniel H. and Wicker, Kelsi R. and Cordero, Zachary C.},
    pages = {98--101},
    volume = {152},
    publisher = {Acta Materialia Inc.},
    url = {http://dx.doi.org/10.1016/j.scriptamat.2018.03.047},
    doi = {10.1016/j.scriptamat.2018.03.047},
    issn = {13596462},
    keywords = {Additive manufacturing, Crystal growth, Grain boundaries, Solidification}
}

@article{Homer2015GrainRelationships,
    title = {{Grain Boundary Plane Orientation Fundamental Zones and Structure-Property Relationships}},
    year = {2015},
    journal = {Scientific Reports},
    author = {Homer, Eric R. and Patala, Srikanth and Priedeman, Jonathan L.},
    number = {1},
    pages = {1--13},
    volume = {5},
    publisher = {Nature Publishing Group},
    doi = {10.1038/srep15476},
    issn = {2045-2322}
}

@article{Zheng2020GrainMetals,
    title = {{Grain boundary properties of elemental metals}},
    year = {2020},
    journal = {Acta Materialia},
    author = {Zheng, Hui and Li, Xiang Guo and Tran, Richard and Chen, Chi and Horton, Matthew and Winston, Donald and Persson, Kristin Aslaug and Ong, Shyue Ping},
    pages = {40--49},
    volume = {186},
    publisher = {Elsevier Ltd},
    url = {https://doi.org/10.1016/j.actamat.2019.12.030},
    doi = {10.1016/j.actamat.2019.12.030},
    issn = {13596454},
    arxivId = {1907.08905},
    keywords = {DFT, Database, Grain boundary, Predictive modeling}
}

@article{Zheng2020GrainMetalsb,
    title = {{Grain boundary properties of elemental metals}},
    year = {2020},
    journal = {Acta Materialia},
    author = {Zheng, Hui and Li, Xiang Guo and Tran, Richard and Chen, Chi and Horton, Matthew and Winston, Donald and Persson, Kristin Aslaug and Ong, Shyue Ping},
    pages = {40--49},
    volume = {186},
    publisher = {Elsevier Ltd},
    url = {https://doi.org/10.1016/j.actamat.2019.12.030},
    doi = {10.1016/j.actamat.2019.12.030},
    issn = {13596454},
    arxivId = {1907.08905},
    keywords = {DFT, Database, Grain boundary, Predictive modeling}
}

@article{Tsurekawa1994GrainMolybdenum,
    title = {{Grain boundary structure, energy and strength in molybdenum}},
    year = {1994},
    journal = {Materials Science and Engineering: A},
    author = {Tsurekawa, S. and Tanaka, T. and Yoshinaga, H.},
    number = {1-2},
    month = {3},
    pages = {341--348},
    volume = {176},
    publisher = {Elsevier},
    url = {https://www.sciencedirect.com/science/article/pii/0921509394909970?via%3Dihub},
    doi = {10.1016/0921-5093(94)90997-0},
    issn = {0921-5093}
}

@article{Tsuru1982GrainNickel,
    title = {{Grain boundary transport of hydrogen in nickel}},
    year = {1982},
    journal = {Scripta Metallurgica},
    author = {Tsuru, T. and Latanision, R.M. M.},
    number = {5},
    month = {5},
    pages = {575--578},
    volume = {16},
    url = {https://linkinghub.elsevier.com/retrieve/pii/0036974882902733},
    doi = {10.1016/0036-9748(82)90273-3},
    issn = {00369748}
}

@article{Dechamps1988Grain-boundaryMethod,
    title = {{Grain-boundary energy in NiO: Applicability of the thermal grooving method}},
    year = {1988},
    journal = {Philosophical Magazine A: Physics of Condensed Matter, Structure, Defects and Mechanical Properties},
    author = {D{\'{e}}champs, M. and Dhalenne, G. and Barbier, F.},
    number = {5},
    pages = {839--843},
    volume = {57},
    doi = {10.1080/01418618808209926},
    issn = {01418610}
}

@article{Shin1998Grain-boundaryMicroscope,
    title = {{Grain-boundary grooves and surface diffusion in polycrystalline alumina measured by atomic force microscope}},
    year = {1998},
    journal = {Journal of the European Ceramic Society},
    author = {Shin, Woosuck and Seo, Won Seon and Koumoto, Kunihito},
    number = {6},
    pages = {595--600},
    volume = {18},
    doi = {10.1016/s0955-2219(97)00207-0},
    issn = {09552219}
}

@article{Min2006Grain-boundaryEnergies,
    title = {{Grain-boundary grooving by surface diffusion with asymmetric and strongly anisotropic surface energies}},
    year = {2006},
    journal = {Journal of Applied Physics},
    author = {Min, Donghong and Wong, Harris},
    number = {2},
    volume = {99},
    doi = {10.1063/1.2159082},
    issn = {00218979}
}

@article{Han2018Grain-boundaryApproach,
    title = {{Grain-boundary kinetics: A unified approach}},
    year = {2018},
    journal = {Progress in Materials Science},
    author = {Han, Jian and Thomas, Spencer L. and Srolovitz, David J.},
    pages = {386--476},
    volume = {98},
    doi = {10.1016/j.pmatsci.2018.05.004},
    issn = {00796425},
    arxivId = {1803.03214},
    keywords = {Disconnections, Grain boundary, Grain boundary migration, Grain-boundary kinetics, Shear coupling}
}

@article{Manh2020HermiteProjectors,
    title = {{Hermite interpolation on the unit sphere and limits of Lagrange projectors}},
    year = {2020},
    journal = {Ima Journal Of Numerical Analysis},
    author = {Manh, Phung Van},
    pages = {1--24},
    doi = {10.1093/imanum/draa026},
    issn = {0272-4979},
    keywords = {hermite interpolation, interpolation on the sphere, lagrange interpolation}
}

@article{Allasia2018HermiteBirkhoffManifolds,
    title = {{Hermite–Birkhoff interpolation on scattered data on the sphere and other manifolds}},
    year = {2018},
    journal = {Applied Mathematics and Computation},
    author = {Allasia, Giampietro and Cavoretto, Roberto and De Rossi, Alessandra},
    pages = {35--50},
    volume = {318},
    publisher = {Elsevier Inc.},
    url = {https://doi.org/10.1016/j.amc.2017.05.018},
    doi = {10.1016/j.amc.2017.05.018},
    issn = {00963003},
    arxivId = {1705.01032},
    keywords = {Arbitrarily distributed data, Hermite–Birkhoff interpolation, Meshfree methods, Multivariate approximation}
}

@article{Sjogreen2012HighSphere,
    title = {{High order finite difference and finite volume methods for advection on the sphere}},
    year = {2012},
    journal = {Journal of Scientific Computing},
    author = {Sj{\"{o}}green, Björn},
    number = {3},
    pages = {703--732},
    volume = {51},
    doi = {10.1007/s10915-011-9527-x},
    issn = {08857474},
    keywords = {Climate modeling, Finite difference method, Finite volume method, Partial differential equations on the sphere, Summation by parts}
}

@article{Connor2017High-dimensionalSearch,
    title = {{High-dimensional simplexes for supermetric search}},
    year = {2017},
    journal = {Lecture Notes in Computer Science (including subseries Lecture Notes in Artificial Intelligence and Lecture Notes in Bioinformatics)},
    author = {Connor, Richard and Vadicamo, Lucia and Rabitti, Fausto},
    pages = {96--109},
    volume = {10609 LNCS},
    url = {https://dx.doi.org//10.1007/978-3-319-68474-1_7},
    isbn = {9783319684734},
    doi = {10.1007/978-3-319-68474-1{\_}7},
    issn = {16113349},
    arxivId = {1707.08370},
    keywords = {Dimensionality reduction, Metric embedding, Metric search, Supermetric space}
}

@article{Connor2017High-dimensionalSearchb,
    title = {{High-dimensional simplexes for supermetric search}},
    year = {2017},
    journal = {Lecture Notes in Computer Science (including subseries Lecture Notes in Artificial Intelligence and Lecture Notes in Bioinformatics)},
    author = {Connor, Richard and Vadicamo, Lucia and Rabitti, Fausto},
    editor = {Beecks, Christian and Borutta, Felix and Kr{\"{o}}ger, Peer and Seidl, Thomas},
    pages = {96--109},
    volume = {10609 LNCS},
    publisher = {Springer International Publishing},
    url = {https://dx.doi.org//10.1007/978-3-319-68474-1_7},
    address = {Cham},
    isbn = {9783319684734},
    doi = {10.1007/978-3-319-68474-1{\_}7},
    issn = {16113349},
    arxivId = {1707.08370},
    keywords = {Dimensionality reduction, Metric embedding, Metric search, Supermetric space}
}

@inproceedings{Connor2017High-DimensionalApplications,
    title = {{High-Dimensional Simplexes for Supermetric Search BT  - Similarity Search and Applications}},
    year = {2017},
    author = {Connor, Richard and Vadicamo, Lucia and Rabitti, Fausto},
    editor = {Beecks, Christian and Borutta, Felix and Kr{\"{o}}ger, Peer and Seidl, Thomas},
    pages = {96--109},
    publisher = {Springer International Publishing},
    address = {Cham},
    isbn = {978-3-319-68474-1}
}

@article{Homer2019High-throughputPhenomena,
    title = {{High-throughput simulations for insight into grain boundary structure-property relationships and other complex microstructural phenomena}},
    year = {2019},
    journal = {Computational Materials Science},
    author = {Homer, Eric R.},
    number = {November 2018},
    pages = {244--254},
    volume = {161},
    publisher = {Elsevier},
    url = {https://doi.org/10.1016/j.commatsci.2019.01.041},
    doi = {10.1016/j.commatsci.2019.01.041},
    issn = {09270256},
    keywords = {Grain boundaries, High-throughput simulations, Materials informatics, Metallic glasses, Structure-property relationships}
}

@article{Langer2008HigherCoordinates,
    title = {{Higher order barycentric coordinates}},
    year = {2008},
    journal = {Computer Graphics Forum},
    author = {Langer, Torsten and Seidel, Hans Peter},
    number = {2},
    pages = {459--466},
    volume = {27},
    doi = {10.1111/j.1467-8659.2008.01143.x},
    issn = {14678659}
}

@article{Womersley2001HowBe,
    title = {{How good can polynomial interpolation on the sphere be?}},
    year = {2001},
    journal = {Advances in Computational Mathematics},
    author = {Womersley, Robert S. and Sloan, Ian H.},
    number = {3},
    pages = {195--226},
    volume = {14},
    doi = {10.1023/A:1016630227163},
    issn = {10197168},
    keywords = {Distribution of points on the sphere, Interpolation on the sphere, Lebesgue constant, Spherical polynomials, Uniform norm}
}

@article{Maire2016ImagingBicrystals,
    title = {{Imaging grain boundary grooves in hard-sphere colloidal bicrystals}},
    year = {2016},
    journal = {Physical Review E},
    author = {Maire, Eric and Redston, Emily and Persson Gulda, Maria and Weitz, David A. and Spaepen, Frans},
    number = {4},
    volume = {94},
    doi = {10.1103/PhysRevE.94.042604},
    issn = {24700053}
}

@article{French2016IMPROVINGThesis,
    title = {{IMPROVING THE FUNCTION FOR GRAIN BOUNDARY ENERGY INTERPOLATION IN URANIUM DIOXIDE - Senior Thesis}},
    year = {2016},
    author = {French, Jarin},
    number = {December},
    pages = {1939},
    volume = {6},
    keywords = {ballot, design of e-voting}
}

@article{Carfora2007InterpolationStudy,
    title = {{Interpolation on spherical geodesic grids: A comparative study}},
    year = {2007},
    journal = {Journal of Computational and Applied Mathematics},
    author = {Carfora, Maria Francesca},
    number = {1-2},
    pages = {99--105},
    volume = {210},
    doi = {10.1016/j.cam.2006.10.068},
    issn = {03770427},
    keywords = {Interpolation, Numerical weather prediction, Spherical geodesic grids}
}

@article{Skala2008INTERSECTIONCOORDINATES,
    title = {{INTERSECTION COMPUTATION in PROJECTIVE SPACE USING HOMOGENEOUS COORDINATES}},
    year = {2008},
    journal = {International Journal of Image and Graphics},
    author = {Skala, Vaclav},
    number = {4},
    pages = {615--628},
    volume = {8},
    doi = {10.1142/S021946780800326X},
    issn = {02194678},
    keywords = {Computer graphics, Pl{\"{u}}cker coordinates, homogeneous coordinates, line and plane intersections computation, principle of duality, projective geometry}
}

@article{WeissteinInverseProblem,
    title = {{Inverse Problem}},
    author = {Weisstein, Eric W.},
    publisher = {Wolfram Research, Inc.},
    url = {http://mathworld.wolfram.com/InverseProblem.html},
    keywords = {15A29, Mathematics:Applied Mathematics:Inverse Problems, Mathematics:MathWorld Contributors:Tarantola}
}

@techreport{Tarantola2004InverseEstimation,
    title = {{Inverse Problem Theory and Methods for Model Parameter Estimation}},
    year = {2004},
    author = {Tarantola, Albert},
    url = {http://www.ipgp.fr/~tarantola/Files/Professional/Books/InverseProblemTheory.pdf}
}

@techreport{Tarantola2004InverseEstimationb,
    title = {{Inverse Problem Theory and Methods for Model Parameter Estimation}},
    year = {2004},
    author = {Tarantola, Albert},
    url = {http://www.ipgp.fr/~tarantola/Files/Professional/Books/InverseProblemTheory.pdf}
}

@article{Curtis2000InverseNetworks,
    title = {{Inverse Problems for Electrical Networks}},
    year = {2000},
    author = {Curtis, Edward B. and Morrow, James A.},
    pages = {184},
    isbn = {9789810241742}
}

@misc{InverseTarantola,
    title = {{Inverse Problems: Exercices - Albert Tarantola}},
    url = {http://www.ipgp.jussieu.fr/~tarantola/exercices/}
}

@article{Calvetti2018InverseInference,
    title = {{Inverse problems: From regularization to Bayesian inference}},
    year = {2018},
    journal = {Wiley Interdisciplinary Reviews: Computational Statistics},
    author = {Calvetti, D. and Somersalo, E.},
    number = {3},
    pages = {1--19},
    volume = {10},
    doi = {10.1002/wics.1427},
    issn = {19390068},
    keywords = {Ill-posedness, Tikhonov regularization, hierarchical Bayesian models, likelihood, measurement and modeling errors, posterior estimates, sparsity-promoting and sample-based priors, structural}
}

@article{Casciola2005InverseSurfaces,
    title = {{Inverse spherical surfaces}},
    year = {2005},
    journal = {Journal of Computational and Applied Mathematics},
    author = {Casciola, G. and Morigi, S.},
    number = {2},
    pages = {411--424},
    volume = {176},
    doi = {10.1016/j.cam.2004.07.030},
    issn = {03770427},
    keywords = {Geometric modelling, Rational triangular B{\'{e}}zier patch, Single-valued surfaces, Spherical coordinates}
}

@article{Botev2010KernelDiffusion,
    title = {{Kernel density estimation via diffusion}},
    year = {2010},
    journal = {Annals of Statistics},
    author = {Botev, Z. I. and Grotowski, J. F. and Kroese, D. P.},
    number = {5},
    pages = {2916--2957},
    volume = {38},
    doi = {10.1214/10-AOS799},
    issn = {00905364},
    keywords = {Bandwidth selection, Boundary bias, Data sharpening, Diffusion equation, Heat kernel, Langevin process, Nonparametric density estimation, Normal reference rules, Variable bandwidth}
}

@article{Chesser2020LearningProperties,
    title = {{Learning the Grain Boundary Manifold: Tools for Visualizing and Fitting Grain Boundary Properties}},
    year = {2020},
    journal = {Acta Materialia},
    author = {Chesser, I. and Francis, T. and De Graef, Marc and Holm, E.A.},
    publisher = {Elsevier Ltd},
    url = {https://doi.org/10.1016/j.actamat.2020.05.024},
    doi = {10.2139/ssrn.3460311},
    issn = {1359-6454},
    keywords = {Data science, Energy, Grain boundary, Interface, Mobility}
}

@article{Chesser2020LearningMaterials,
    title = {{Learning the grain boundary manifold: tools for visualizing and fitting grain boundary properties : supplementary materials}},
    year = {2020},
    journal = {Acta Materialia},
    author = {Chesser, I. and Francis, T. and De Graef, M. and Holm, E. A.},
    pages = {209--218},
    volume = {195},
    url = {https://dx.doi.org/10.1016/j.actamat.2020.05.024},
    doi = {10.1016/j.actamat.2020.05.024},
    issn = {13596454},
    keywords = {Data science, Energy, Grain boundary, Interface, Mobility}
}

@article{Hansen2005LinearExample,
    title = {{Linear inverse gaussian theory and geostatistics - A tomography example}},
    year = {2005},
    journal = {GIS and Spatial Analysis - 2005 Annual Conference of the International Association for Mathematical Geology, IAMG 2005},
    author = {Hansen, Thomas Mejer and Journel, Andre and Tarantola, Albert and Mosegaard, Klaus},
    number = {6},
    pages = {621--626},
    volume = {71},
    isbn = {0973422025}
}

@article{Achilleos2012LocalEstimation,
    title = {{Local bandwidth selectors for deconvolution kernel density estimation}},
    year = {2012},
    journal = {Statistics and Computing},
    author = {Achilleos, Achilleas and Delaigle, Aurore},
    number = {2},
    pages = {563--577},
    volume = {22},
    isbn = {1122201192},
    doi = {10.1007/s11222-011-9247-y},
    issn = {09603174},
    keywords = {Contaminated data, Data-driven bandwidth, EBBS, Errors-in-variables, Kernel smoothing, Measurement errors, Plug-in, Smoothing parameter}
}

@article{Wang2020MachinePractices,
    title = {{Machine Learning for Materials Scientists: An Introductory Guide toward Best Practices}},
    year = {2020},
    journal = {Chemistry of Materials},
    author = {Wang, Anthony Yu Tung and Murdock, Ryan J. and Kauwe, Steven K. and Oliynyk, Anton O. and Gurlo, Aleksander and Brgoch, Jakoah and Persson, Kristin A. and Persson, Kristin A. and Sparks, Taylor D.},
    number = {12},
    pages = {4954--4965},
    volume = {32},
    doi = {10.1021/acs.chemmater.0c01907},
    issn = {15205002}
}

@article{AndresChristen2005MarkovApproximation,
    title = {{Markov chain Monte Carlo using an approximation}},
    year = {2005},
    journal = {Journal of Computational and Graphical Statistics},
    author = {Andr{\'{e}}s Christen, J. and Fox, Colin},
    number = {4},
    pages = {795--810},
    volume = {14},
    doi = {10.1198/106186005X76983},
    issn = {10618600},
    keywords = {Conductivity imaging, Impedance tomography, Inverse problems}
}

@article{Ganesh2006Matrix-freeSphere,
    title = {{Matrix-free interpolation on the sphere}},
    year = {2006},
    journal = {SIAM Journal on Numerical Analysis},
    author = {Ganesh, M. and Mhaskar, H. N.},
    number = {3},
    pages = {1314--1331},
    volume = {44},
    doi = {10.1137/050624005},
    issn = {00361429},
    keywords = {Discrete orthogonal projection, Interpolation, Minimal quadrature, Sphere}
}

@article{Hormann2008MaximumPolytopes,
    title = {{Maximum entropy coordinates for arbitrary polytopes}},
    year = {2008},
    journal = {Eurographics Symposium on Geometry Processing},
    author = {Hormann, K. and Sukumar, N.},
    number = {5},
    pages = {1513--1520},
    volume = {27},
    issn = {17278384}
}

@article{Floater2005Mean3D,
    title = {{Mean value coordinates in 3D}},
    year = {2005},
    journal = {Computer Aided Geometric Design},
    author = {Floater, Michael S. and K{\'{o}}s, Géza and Reimers, Martin},
    number = {7 SPEC. ISS.},
    pages = {623--631},
    volume = {22},
    doi = {10.1016/j.cagd.2005.06.004},
    issn = {01678396},
    keywords = {Barycentric coordinates, Mean value theorem, Parameterization}
}

@article{Lee2007MeanHypersurfaces,
    title = {{Mean value representations and curvatures of compact convex hypersurfaces}},
    year = {2007},
    journal = {Representations},
    author = {Lee, S L},
    number = {September},
    pages = {1--21},
    keywords = {and phrases, compact convex hypersurface, divergence free vector field, dual, gaussian curvature, homogeneous function, mean value representations, minkowski problem, support, support function}
}

@article{Rowenhorst2005MeasurementsTin,
    title = {{Measurements of the grain boundary energy and anisotropy in tin}},
    year = {2005},
    journal = {Metallurgical and Materials Transactions A},
    author = {Rowenhorst, D J and Voorhees, P W},
    number = {8},
    pages = {2127--2135},
    volume = {36},
    url = {https://doi.org/10.1007/s11661-005-0333-7},
    doi = {10.1007/s11661-005-0333-7},
    issn = {1543-1940}
}

@article{Bagri2017MeasuringMicroscopy,
    title = {{Measuring Grain Boundary Character Distributions in Ni-Base Alloy 725 Using High-Energy Diffraction Microscopy}},
    year = {2017},
    journal = {Metallurgical and Materials Transactions A: Physical Metallurgy and Materials Science},
    author = {Bagri, Akbar and Hanson, John P. and Lind, Jonathan and Kenesei, Peter and Suter, Robert M. and Grade{\v{c}}ak, Silvija and Demkowicz, Michael J.},
    number = {1},
    pages = {354--361},
    volume = {48},
    doi = {10.1007/s11661-016-3831-x},
    issn = {10735623}
}

@article{Rollett2001MEASURINGGEOMETRY,
    title = {{MEASURING RELATIVE GRAIN BOUNDARY ENERGIES AND MOBILITIES IN AN ALUMINUM FOIL FROM TRIPLE JUNCTION GEOMETRY}},
    year = {2001},
    author = {Rollett, A D and Mullins, W W},
    pages = {2735--2740},
    volume = {44},
    url = {https://doi.org/10.1016/S1359-6462(01)00960-5},
    doi = {10.1016/S1359-6462(01)00960-5},
    keywords = {aluminum, grain boundaries, grain boundary character, grain boundary energy}
}

@article{Handwerker1990MetalGrooves,
    title = {{Metal Reference Line Technique for Obtaining Dihedral Angles from Surface Thermal Grooves}},
    year = {1990},
    journal = {Journal of the American Ceramic Society},
    author = {Handwerker, Carol A. and Dynys, Joseph M. and Cannon, Rowland M. and Coble, Robert L.},
    number = {5},
    month = {5},
    pages = {1365--1370},
    volume = {73},
    publisher = {John Wiley {\&} Sons, Ltd},
    url = {http://doi.wiley.com/10.1111/j.1151-2916.1990.tb05206.x},
    doi = {10.1111/j.1151-2916.1990.tb05206.x},
    issn = {0002-7820},
    keywords = {grain boundaries, grain growth, sintering, surface energy, thermal properties}
}

@article{Morawiec2000MethodJunctions,
    title = {{Method to calculate the grain boundary energy distribution over the space of macroscopic boundary parameters from the geometry of triple junctions}},
    year = {2000},
    journal = {Acta Materialia},
    author = {Morawiec, A.},
    number = {13},
    pages = {3525--3532},
    volume = {48},
    url = {https://dx.doi.org/10.1016/S1359-6454(00)00126-9},
    doi = {10.1016/S1359-6454(00)00126-9},
    issn = {13596454},
    keywords = {computer simulation, grain boundaries, microstructure, surfaces and interfaces, texture}
}

@article{Cahn2006MetricsDialog,
    title = {{Metrics, measures, and parametrizations for grain boundaries: a dialog}},
    year = {2006},
    journal = {Journal of Materials Science},
    author = {Cahn, John W and Taylor, Jean E},
    number = {23},
    pages = {7669--7674},
    volume = {41},
    url = {https://doi.org/10.1007/s10853-006-0592-8},
    doi = {10.1007/s10853-006-0592-8},
    issn = {1573-4803}
}

@article{Saylor2000MisorientationMagnesia,
    title = {{Misorientation dependence of the grain boundary energy in magnesia}},
    year = {2000},
    journal = {Interface Science},
    author = {Saylor, David M. and Morawiec, Adam and Adams, Brent L. and Rohrer, Gregory S.},
    number = {2},
    pages = {131--140},
    volume = {8},
    url = {https://dx.doi.org/10.1023/A:1008764219575},
    doi = {10.1023/A:1008764219575},
    issn = {09277056},
    keywords = {and {$\pi$}, atomic force, boundary plane range from, can be selected in, electron backscattered diffraction, grain boundary energy, magnesia, microscopy, respec-, since the boundary normal, thermal grooves, tively, triple junctions, zero to 2 {$\pi$}}
}

@article{Singh2015ModellingA,
    title = {{Modelling and Simulation in Materials Science and Engineering Consistent representations of and conversions between 3D rotations Related content Orientation sampling for dictionary-based diffraction pattern indexing methods Consistent representations of a}},
    year = {2015},
    journal = {Modelling Simul. Mater. Sci. Eng},
    author = {Singh, S and De Graef, M and Rowenhorst, D and Rollett, A D and Rohrer, G S and Groeber, M and Jackson, M and Konijnenberg, P J},
    pages = {83501},
    volume = {23},
    doi = {10.1088/0965-0393/23/8/083501},
    keywords = {3D rotation, crystallography, quaternion}
}

@article{Zhou2017MolecularBoundaries,
    title = {{Molecular dynamics studies of irradiation effects on hydrogen isotope diffusion through nickel crystals and grain boundaries}},
    year = {2017},
    journal = {Physical Chemistry Chemical Physics},
    author = {Zhou, X. W. and Dingreville, R. and Karnesky, R. A.},
    number = {1},
    pages = {520--534},
    volume = {20},
    publisher = {Royal Society of Chemistry},
    doi = {10.1039/c7cp06086f},
    issn = {14639076}
}

@article{Mosegaard1995MonteProblems,
    title = {{Monte Carlo sampling of solutions to inverse problems}},
    year = {1995},
    journal = {Journal of Geophysical Research},
    author = {Mosegaard, K. and Tarantola, A.},
    number = {B7},
    volume = {100},
    doi = {10.1029/94jb03097},
    issn = {01480227}
}

@article{Alderson2016MultiresolutionCurves,
    title = {{Multiresolution on spherical curves}},
    year = {2016},
    journal = {Graphical Models},
    author = {Alderson, Troy and Mahdavi-Amiri, Ali and Samavati, Faramarz},
    pages = {13--24},
    volume = {86},
    publisher = {Elsevier Inc.},
    doi = {10.1016/j.gmod.2016.05.002},
    issn = {15240703},
    keywords = {Multiresolution, Reverse subdivision, Spherical space, Subdivision}
}

@article{Nandi2019NanoscaleEnergy,
    title = {{Nanoscale mapping of the electron density at Al grain boundaries and correlation with grain-boundary energy}},
    year = {2019},
    journal = {Physical Review Materials},
    author = {Nandi, P and Sang, X and Hoglund, E R and Unocic, R R and Molodov, D A and Howe, J M},
    number = {5},
    volume = {3},
    url = {https://www.scopus.com/inward/record.uri?eid=2-s2.0-85065998799&doi=10.1103%2FPhysRevMaterials.3.053805&partnerID=40&md5=23306534915a092fce1c298cd9caf9da},
    doi = {10.1103/PhysRevMaterials.3.053805}
}

@article{Tian2020Non-UniformFeatures,
    title = {{Non-Uniform Subdivision Surfaces with Sharp Features}},
    year = {2020},
    journal = {Computer Graphics Forum},
    author = {Tian, Yufeng and Li, Xin and Chen, Falai},
    number = {00},
    pages = {1--11},
    volume = {00},
    doi = {10.1111/cgf.14014},
    issn = {14678659},
    keywords = {generalized eigen-polyhedron, non-uniform Catmull–Clark surface, sharp feature, subdivision}
}

@article{DiMarzio2015NonparametricData,
    title = {{Nonparametric regression for spherical data}},
    year = {2015},
    journal = {Journal of the American Statistical Association},
    author = {Di Marzio, Marco and Panzera, Agnese and Taylor, Charles C.},
    number = {506},
    pages = {748--763},
    volume = {109},
    doi = {10.1080/01621459.2013.866567},
    issn = {1537274X},
    keywords = {Confidence sets, Constrained least squares, Geomagnetic field, Local smoothing, Spherical kernels, Tangent normal decomposition, Wind direction}
}

@article{Reeger2018NumericalBoundaries,
    title = {{Numerical quadrature over smooth surfaces with boundaries}},
    year = {2018},
    journal = {Journal of Computational Physics},
    author = {Reeger, Jonah A. and Fornberg, Bengt},
    pages = {176--190},
    volume = {355},
    publisher = {Elsevier Inc.},
    url = {https://doi.org/10.1016/j.jcp.2017.11.010},
    doi = {10.1016/j.jcp.2017.11.010},
    issn = {10902716},
    keywords = {Gregory's method, Quadrature, RBF-FD, RBFs, Radial basis function, Trapezoidal rule}
}

@article{Reeger2016NumericalSphere,
    title = {{Numerical Quadrature over the Surface of a Sphere}},
    year = {2016},
    journal = {Studies in Applied Mathematics},
    author = {Reeger, Jonah A. and Fornberg, Bengt},
    number = {2},
    pages = {174--188},
    volume = {137},
    doi = {10.1111/sapm.12106},
    issn = {14679590}
}

@article{Morawiec2019OnSpace,
    title = {{On distances between grain interfaces in macroscopic parameter space}},
    year = {2019},
    journal = {Acta Materialia},
    author = {Morawiec, A.},
    pages = {399--407},
    volume = {181},
    publisher = {Elsevier Ltd},
    url = {https://doi.org/10.1016/j.actamat.2019.09.032},
    doi = {10.1016/j.actamat.2019.09.032},
    issn = {13596454},
    keywords = {Grain boundaries, Interfaces, Macroscopic boundary parameters, Metric, Microstructure}
}

@article{Brandenburg2014OnStudy,
    title = {{On migration and faceting of low-angle grain boundaries: Experimental and computational study}},
    year = {2014},
    journal = {Acta Materialia},
    author = {Brandenburg, J. E. and Barrales-Mora, L. A. and Molodov, D. A.},
    pages = {294--309},
    volume = {77},
    publisher = {Acta Materialia Inc.},
    url = {http://dx.doi.org/10.1016/j.actamat.2014.06.006},
    doi = {10.1016/j.actamat.2014.06.006},
    issn = {13596454},
    keywords = {Grain boundary energy, Grain boundary migration, Grain rotation, Inclination}
}

@article{Pirgazi2019OnTechnique,
    title = {{On the alignment of 3D EBSD data collected by serial sectioning technique}},
    year = {2019},
    journal = {Materials Characterization},
    author = {Pirgazi, Hadi},
    month = {6},
    pages = {223--229},
    volume = {152},
    publisher = {Elsevier Inc.},
    doi = {10.1016/j.matchar.2019.04.026},
    issn = {10445803}
}

@article{Ramasubramaniam2005OnDiffusion,
    title = {{On the evolution of faceted grain-boundary grooves by surface diffusion}},
    year = {2005},
    journal = {Acta Materialia},
    author = {Ramasubramaniam, A. and Shenoy, V. B.},
    number = {10},
    pages = {2943--2956},
    volume = {53},
    doi = {10.1016/j.actamat.2005.03.013},
    issn = {13596454},
    keywords = {Grain-boundary grooving, Modeling, Surface diffusion, Surface energy, Theory}
}

@article{Abreu2013OnMethod,
    title = {{On the generalization of the Complex Step Method}},
    year = {2013},
    journal = {Journal of Computational and Applied Mathematics},
    author = {Abreu, Rafael and Stich, Daniel and Morales, José},
    number = {1},
    pages = {84--102},
    volume = {241},
    publisher = {Elsevier B.V.},
    url = {http://dx.doi.org/10.1016/j.cam.2012.10.001},
    doi = {10.1016/j.cam.2012.10.001},
    issn = {03770427},
    keywords = {Complex step, Derivative, Finite differences, Numerical approximations}
}

@article{Yurtsever2010OnProblem,
    title = {{On the Gravitational Inverse Problem}},
    year = {2010},
    author = {Yurtsever, Ulvi and Marzban, Caren and Meila, Marina},
    month = {4},
    url = {http://arxiv.org/abs/1004.4939},
    arxivId = {1004.4939}
}

@article{Floater2010OnPolygons,
    title = {{On the injectivity of Wachspress and mean value mappings between convex polygons}},
    year = {2010},
    journal = {Advances in Computational Mathematics},
    author = {Floater, Michael S. and Kosinka, Jirří},
    number = {2},
    pages = {163--174},
    volume = {32},
    doi = {10.1007/s10444-008-9098-z},
    issn = {10197168},
    keywords = {Barycentric coordinates, Injectivity, Mean value coordinates, Wachspress coordinates}
}

@article{Peixoto2014OnGrids,
    title = {{On vector field reconstructions for semi-Lagrangian transport methods on geodesic staggered grids}},
    year = {2014},
    journal = {Journal of Computational Physics},
    author = {Peixoto, Pedro S. and Barros, Saulo R.M.},
    pages = {185--211},
    volume = {273},
    publisher = {Elsevier Inc.},
    url = {http://dx.doi.org/10.1016/j.jcp.2014.04.043},
    doi = {10.1016/j.jcp.2014.04.043},
    issn = {10902716},
    keywords = {Alignment index, C grid, Hybrid reconstruction method, Icosahedral, Radial basis functions, Semi-Lagrangian, Staggered grid, Vector interpolation, Vector reconstruction, Wachspress spherical coordinates}
}

@article{Boissonnat2017OnlySubmanifolds,
    title = {{Only distances are required to reconstruct submanifolds}},
    year = {2017},
    journal = {Computational Geometry: Theory and Applications},
    author = {Boissonnat, Jean Daniel and Dyer, Ramsay and Ghosh, Arijit and Oudot, Steve Y.},
    pages = {32--67},
    volume = {66},
    url = {https://dx.doi.org/10.1016/j.comgeo.2017.08.001},
    doi = {10.1016/j.comgeo.2017.08.001},
    issn = {09257721},
    arxivId = {1410.7012},
    keywords = {Manifold reconstruction, Power protection, Sampling, Witness complex}
}

@article{Dette2019OptimalData,
    title = {{Optimal designs for regression with spherical data}},
    year = {2019},
    author = {Dette, Holger and Konstantinou, Maria and Schorning, Kirsten},
    pages = {361--390},
    volume = {13}
}

@article{Themistoclakis2018Optimalhypersphere,
    title = {{Optimal Lebesgue constants for least squares polynomial approximation on the (hyper)sphere}},
    year = {2018},
    author = {Themistoclakis, Woula and Van Barel, Marc},
    number = {30468160},
    pages = {1--17},
    url = {http://arxiv.org/abs/1808.03530},
    arxivId = {1808.03530},
    keywords = {hyper, hyperinterpolation, least squares polyno-, lebesgue constant, mial, polynomial approximation on the, sphere, tensor product, uniform approximation}
}

@article{Frank1988OrientationMapping,
    title = {{Orientation mapping}},
    year = {1988},
    journal = {Metallurgical Transactions A},
    author = {Frank, F C},
    number = {3},
    pages = {403--408},
    volume = {19},
    url = {https://doi.org/10.1007/BF02649253},
    doi = {10.1007/BF02649253},
    issn = {1543-1940}
}

@article{Singh2016OrientationMethods,
    title = {{Orientation sampling for dictionary-based diffraction pattern indexing methods}},
    year = {2016},
    journal = {Modelling and Simulation in Materials Science and Engineering},
    author = {Singh, S. and De Graef, M.},
    number = {8},
    volume = {24},
    publisher = {IOP Publishing},
    url = {https://dx.doi.org/10.1088/0965-0393/24/8/085013},
    doi = {10.1088/0965-0393/24/8/085013},
    issn = {1361651X},
    keywords = {cubochoric representation, dictionary indexing, orientation sampling, uniform sampling}
}

@article{Baig2020OUPManuscript,
    title = {{OUP accepted manuscript}},
    year = {2020},
    journal = {Nicotine {\&} Tobacco Research},
    author = {Baig, Sabeeh A},
    pages = {1--4},
    doi = {10.1093/ntr/ntaa120}
}

@article{Sutton1987OverviewEnergy,
    title = {{Overview no. 61 On geometric criteria for low interfacial energy}},
    year = {1987},
    journal = {Acta Metallurgica},
    author = {Sutton, A. P. and Balluffi, R. W.},
    number = {9},
    pages = {2177--2201},
    volume = {35},
    doi = {10.1016/0001-6160(87)90067-8},
    issn = {00016160}
}

@article{Cai2009PARAMETERSPHERE,
    title = {{PARAMETER CHOICE STRATEGIES FOR LEAST-SQUARES APPROXIMATION OF NOISY SMOOTH FUNCTIONS ON THE SPHERE}},
    year = {2009},
    author = {Cai, Zhiqiang and Zhang, Shun},
    number = {3},
    pages = {2132--2156},
    volume = {47},
    keywords = {080717407, 1, 10, 1137, 65N15, 65N30, 65n15, 65n30, a posteriori error estimator, adaptive method, ams subject classifications, doi, estimators of the recovery, finite element, interface problems, introduction, the a posteriori error, type have}
}

@article{Yang2019PatCC1:Consistency,
    title = {{PatCC1: An efficient parallel triangulation algorithm for spherical and planar grids with commonality and parallel consistency}},
    year = {2019},
    journal = {Geoscientific Model Development},
    author = {Yang, Haoyu and Liu, Li and Zhang, Cheng and Li, Ruizhe and Sun, Chao and Yu, Xinzhu and Yu, Hao and Zhang, Zhiyuan and Wang, Bin},
    number = {7},
    pages = {3311--3328},
    volume = {12},
    doi = {10.5194/gmd-12-3311-2019},
    issn = {19919603}
}

@misc{HomerPointSymmetries,
    title = {{Point Group Symmetries}},
    author = {Homer, Eric R.}
}

@inproceedings{Fernandez2003PolynomialApproximation,
    title = {{Polynomial Bases on the Sphere BT  - Advanced Problems in Constructive Approximation}},
    year = {2003},
    author = {Fern{\'{a}}ndez, Noemí Laín},
    editor = {Buhmann, Martin D and Mache, Detlef H},
    pages = {39--52},
    publisher = {Birkh{\"{a}}user Basel},
    address = {Basel},
    isbn = {978-3-0348-7600-1}
}

@article{Xu2020PolynomialSphere,
    title = {{Polynomial Interpolation on the Unit Sphere}},
    year = {2020},
    journal = {Society for Industrial and Applied Mathematics},
    author = {Xu, Yuan},
    number = {2},
    pages = {751--766},
    volume = {41}
}

@article{ZuCastell2007PolynomialBall,
    title = {{Polynomial interpolation on the unit sphere and on the unit ball}},
    year = {2007},
    journal = {Advances in Computational Mathematics},
    author = {Zu Castell, Wolfgang and La{\'{i}}n Fern{\'{a}}ndez, Noemí and Xu, Yuan},
    number = {1-3},
    pages = {155--171},
    volume = {26},
    doi = {10.1007/s10444-005-7510-5},
    issn = {10197168},
    arxivId = {math/0407448},
    keywords = {Interpolation, Spherical polynomials, Unit sphere}
}

@article{ZuCastell2007PolynomialII,
    title = {{Polynomial interpolation on the unit sphere II}},
    year = {2007},
    journal = {Advances in Computational Mathematics},
    author = {Zu Castell, Wolfgang and La{\'{i}}n Fern{\'{a}}ndez, Noemí and Xu, Yuan},
    number = {1-3},
    pages = {155--171},
    volume = {26},
    doi = {10.1007/s10444-005-7510-5},
    issn = {10197168},
    arxivId = {math/0407448},
    keywords = {Interpolation, Spherical polynomials, Unit sphere}
}

@article{Tarantola2006PopperProblem,
    title = {{Popper, Bayes and the inverse problem}},
    year = {2006},
    journal = {Nature Physics},
    author = {Tarantola, Albert},
    number = {8},
    month = {8},
    pages = {492--494},
    volume = {2},
    publisher = {Nature Publishing Group},
    url = {http://www.nature.com/articles/nphys375},
    doi = {10.1038/nphys375},
    issn = {1745-2473},
    keywords = {Atomic, Classical and Continuum Physics, Complex Systems, Condensed Matter Physics, Mathematical and Computational Physics, Molecular, Optical and Plasma Physics, Physics, Theoretical, general}
}

@article{Budninskiy2016PowerPolytopes,
    title = {{Power coordinates: A geometric construction of barycentric coordinates on convex polytopes}},
    year = {2016},
    journal = {ACM Transactions on Graphics},
    author = {Budninskiy, Max and Liu, Beibei and Tong, Yiying and Desbrun, Mathieu},
    number = {6},
    volume = {35},
    isbn = {9781450345149},
    doi = {10.1145/2980179.2982441},
    issn = {15577368},
    keywords = {Generalized barycentric coordinates, Polytopal finite elements, Power diagrams, Wachspress and mean-value coordinates}
}

@article{Kiyohara2016PredictionScreening,
    title = {{Prediction of interface structures and energies via virtual screening}},
    year = {2016},
    journal = {Science Advances},
    author = {Kiyohara, Shin and Oda, Hiromi and Miyata, Tomohiro and Mizoguchi, Teruyasu},
    number = {11},
    pages = {1--8},
    volume = {2},
    url = {https://dx.doi.org/10.1126/sciadv.1600746},
    doi = {10.1126/sciadv.1600746},
    issn = {23752548}
}

@article{Chu2019ProbabilityLearning,
    title = {{Probability functional descent: A unifying perspective on GANs, variational inference, and reinforcement learning}},
    year = {2019},
    journal = {36th International Conference on Machine Learning, ICML 2019},
    author = {Chu, Casey and Blanchet, Jose and Glynn, Peter},
    pages = {2071--2087},
    volume = {2019-June},
    isbn = {9781510886988},
    arxivId = {1901.10691}
}

@article{Ueda1989Probability-density-functionalProcesses,
    title = {{Probability-density-functional description of quantum photodetection processes}},
    year = {1989},
    journal = {Quantum Optics: Journal of the European Optical Society Part B},
    author = {Ueda, M.},
    number = {2},
    pages = {131--151},
    volume = {1},
    doi = {10.1088/0954-8998/1/2/005},
    issn = {09548998}
}

@article{Lamnii2009QuadraticPartitions,
    title = {{Quadratic spherical spline quasi-interpolants on Powell-Sabin partitions}},
    year = {2009},
    journal = {Applied Numerical Mathematics},
    author = {Lamnii, A. and Mraoui, H. and Sbibih, D.},
    number = {5},
    pages = {1094--1109},
    volume = {59},
    publisher = {Elsevier B.V.},
    url = {http://dx.doi.org/10.1016/j.apnum.2008.05.008},
    doi = {10.1016/j.apnum.2008.05.008},
    issn = {01689274},
    keywords = {Bernstein-B{\'{e}}zier representation, Powell-Sabin triangulation, Quadratic spherical splines, Quasi-interpolation}
}

@misc{QuaternionsRotation,
    title = {{Quaternions and Spatial Rotation}},
    booktitle = {Wikipedia},
    doi = {10.1007/978-3-0348-0622-0{\_}2}
}

@article{Hesse2017RadialSphere,
    title = {{Radial basis function approximation of noisy scattered data on the sphere}},
    year = {2017},
    journal = {Numerische Mathematik},
    author = {Hesse, Kerstin and Sloan, Ian H. and Womersley, Robert S.},
    number = {3},
    pages = {579--605},
    volume = {137},
    publisher = {Springer Berlin Heidelberg},
    doi = {10.1007/s00211-017-0886-6},
    issn = {0029599X},
    keywords = {42C10, 65D07, 65D10, Primary 41A15, Secondary 33C55}
}

@article{Li2009RelativeNickel,
    title = {{Relative grain boundary area and energy distributions in nickel}},
    year = {2009},
    journal = {Acta Materialia},
    author = {Li, Jia and Dillon, Shen J. and Rohrer, Gregory S.},
    number = {14},
    pages = {4304--4311},
    volume = {57},
    publisher = {Acta Materialia Inc.},
    url = {http://dx.doi.org/10.1016/j.actamat.2009.06.004},
    doi = {10.1016/j.actamat.2009.06.004},
    issn = {13596454},
    keywords = {Electron backscattering diffraction (EBSD), Focused ion beam (FIB), Grain boundary energy, Microstructure, Nickel}
}

@article{Zimmerman2020RelativeTorsion,
    title = {{Relative grain boundary energies in ultrafine grain Ni obtained by high pressure torsion}},
    year = {2020},
    journal = {Scripta Materialia},
    author = {Zimmerman, J. and Sharma, A. and Divinski, S. V. and Rabkin, E.},
    pages = {90--93},
    volume = {182},
    publisher = {Elsevier Ltd},
    url = {https://doi.org/10.1016/j.scriptamat.2020.03.008},
    doi = {10.1016/j.scriptamat.2020.03.008},
    issn = {13596462},
    keywords = {Atomic force microscopy, Grain boundary energy, Recrystallization, Severe plastic deformation}
}

@article{Sutton2016ResponseMorawiec,
    title = {{Response to commentary by Morawiec}},
    year = {2016},
    journal = {Proceedings of the Royal Society A: Mathematical, Physical and Engineering Sciences},
    author = {Sutton, A. P.},
    number = {2187},
    volume = {472},
    doi = {10.1098/rspa.2016.0011},
    issn = {14712946},
    keywords = {Crystal symmetry, Grain boundary, Interface, Metric, Microstructure}
}

@article{Straumal2015Review:Phenomena,
    title = {{Review: grain boundary faceting–roughening phenomena}},
    year = {2015},
    journal = {Journal of Materials Science},
    author = {Straumal, B. B. and Kogtenkova, O. A. and Gornakova, A. S. and Sursaeva, V. G. and Baretzky, B.},
    number = {1},
    pages = {382--404},
    volume = {51},
    publisher = {Springer US},
    doi = {10.1007/s10853-015-9341-1},
    issn = {15734803}
}

@article{Skala2013RobustEn,
    title = {{Robust Barycentric Coordinates Computation of the Closest Point to a Hyperplane in E{\^{}}n}},
    year = {2013},
    journal = {Proceedings of the 2013 Internation Conference on Applies Mathematics and Computational Methods in Engineering},
    author = {Skala, Vaclav},
    number = {3},
    pages = {239--244},
    isbn = {9781618042002},
    keywords = {1, 2, 2 it determines a, a, a triangle in e, and in the case, computer graphics, computer vision, fig, geometry, in the case of, linear system of equations, of e 3, point position in a, projective, segment, triangle}
}

@article{Gunter2014SamplingQuadrature,
    title = {{Sampling for inference in probabilistic models with fast Bayesian quadrature}},
    year = {2014},
    journal = {Advances in Neural Information Processing Systems},
    author = {Gunter, Tom and Osborne, Michael A. and Garnett, Roman and Hennig, Philipp and Roberts, Stephen J.},
    number = {January},
    pages = {2789--2797},
    volume = {4},
    issn = {10495258},
    arxivId = {1411.0439}
}

@article{Cornford2005SequentialSets,
    title = {{Sequential, Bayesian geostatistics: A principled method for large data sets}},
    year = {2005},
    journal = {Geographical Analysis},
    author = {Cornford, Dan and Csat{\'{o}}, Lehel and Opper, Manfred},
    number = {2},
    pages = {183--199},
    volume = {37},
    doi = {10.1111/j.1538-4632.2005.00635.x},
    issn = {00167363}
}

@article{CornfordSequentialProcesses,
    title = {{Sequential, Sparse Learning in Gaussian Processes}},
    journal = {Geog.Leeds.Ac.Uk},
    author = {Cornford, Dan and Csato, Lehel and Opper, Manfred},
    number = {0},
    pages = {1--15},
    volume = {44},
    url = {http://www.geog.leeds.ac.uk/groups/geocomp/2003/Papers/Cornford_Paper.pdf}
}

@article{Bai2017SolutionProcessing,
    title = {{Solution Strategies for Linear Inverse Problems in Spatial Audio Signal Processing}},
    year = {2017},
    journal = {Applied Sciences},
    author = {Bai, Mingsian and Chung, Chun and Wu, Po-Chen and Chiang, Yi-Hao and Yang, Chun-May and Bai, Mingsian R. and Chung, Chun and Wu, Po-Chen and Chiang, Yi-Hao and Yang, Chun-May},
    number = {6},
    month = {6},
    pages = {582},
    volume = {7},
    publisher = {Multidisciplinary Digital Publishing Institute},
    url = {http://www.mdpi.com/2076-3417/7/6/582},
    doi = {10.3390/app7060582},
    issn = {2076-3417},
    keywords = {Newton’s method (NT), Tikhonov regularization, compressive sensing (CS), conjugate gradient (CG), convex optimization (CVX), focal underdetermined system solver (FOCUSS), golden section search (GSS), inverse problems, steepest descent (SD)}
}

@article{Voss2007SolvingProblems,
    title = {{Solving Regularized Total Least Squares Problems}},
    year = {2007},
    journal = {Pr{\'{e}}sentation Harrachov},
    author = {Voss, Heinrich},
    number = {August},
    pages = {885--909},
    volume = {14},
    keywords = {and phrases, ill-posedness, nonlinear arnoldi method, regularization, total least squares}
}

@article{Journal2016SomeAnalysis,
    title = {{Some Tools for Functional Data Analysis}},
    year = {2016},
    author = {Journal, Source and Statistical, Royal and Series, Society},
    number = {3},
    pages = {539--572},
    volume = {53}
}

@article{Ramsay2016SomeAnalysis,
    title = {{Some Tools for Functional Data Analysis}},
    year = {2016},
    journal = {Wiley for the Royal Statistical Society},
    author = {Ramsay, J . O . and Dalzell, C . J .},
    number = {3},
    pages = {539--572},
    volume = {53},
    url = {http://www.jstor.org/stable/2345586}
}

@article{Donoho2012SparsePursuit,
    title = {{Sparse solution of underdetermined systems of linear equations by stagewise orthogonal matching pursuit}},
    year = {2012},
    journal = {IEEE Transactions on Information Theory},
    author = {Donoho, David L. and Tsaig, Yaakov and Drori, Iddo and Starck, Jean Luc},
    number = {2},
    pages = {1094--1121},
    volume = {58},
    publisher = {IEEE},
    doi = {10.1109/TIT.2011.2173241},
    issn = {00189448},
    keywords = {Compressed sensing, Decoding error-correcting codes, False alarm rate, False discovery rate, Iterative thresholding, Mutual access interference, Phase transition, Sparse overcomplete representation, Stepwise regression, {$\lambda$} 1Minimization}
}

@article{Buss2001SphericalInterpolation,
    title = {{Spherical Averages and Applications to Spherical Splines and Interpolation}},
    year = {2001},
    journal = {ACM Transactions on Graphics},
    author = {Buss, Samuel R. and Fillmore, Jay P.},
    number = {2},
    pages = {95--126},
    volume = {20},
    doi = {10.1145/502122.502124},
    issn = {15577368},
    keywords = {Algorithms, B-spline, B{\'{e}}zier curve, Theory, barycentric coordinates, least squares minimization, quaternion interpolation, quaternions, spherical average, spherical interpolation, spherical mean, spline curve, spline interpolation}
}

@article{Langer2006SphericalCoordinates,
    title = {{Spherical barycentric coordinates}},
    year = {2006},
    journal = {Proceedings of the fourth Eurographics symposium on Geometry processing},
    author = {Langer, T and Belyaev, A and Seidel, Hans-Peter},
    pages = {81--88},
    url = {http://portal.acm.org/citation.cfm?id=1281957.1281968},
    isbn = {30905673-36-3},
    issn = {1727-8384}
}

@article{Taijeron1994SplineHyperspheres,
    title = {{Spline Interpolation and Smoothing on Hyperspheres}},
    year = {1994},
    journal = {SIAM Journal on Scientific Computing},
    author = {Taijeron, H. J. and Gibson, A. G. and Chandler, C.},
    number = {5},
    pages = {1111--1125},
    volume = {15},
    doi = {10.1137/0915068},
    issn = {1064-8275},
    keywords = {1, 41 a63, 41a 15, 65d 10, 65d05, ams subject classifications, develop a theory of, hyperspheres that provides practical, hyperspherical harmonics, interpolation, introduction, smoothing, smoothing problems on the, solutions to interpolation and, splines on, splines on hyperspheres, the primary goal of, this work is to}
}

@article{Schumaker2013SplinesVertices,
    title = {{Splines on spherical triangulations with hanging vertices}},
    year = {2013},
    journal = {Computer Aided Geometric Design},
    author = {Schumaker, Larry L.},
    number = {3},
    pages = {263--275},
    volume = {30},
    publisher = {Elsevier B.V.},
    url = {http://dx.doi.org/10.1016/j.cagd.2013.01.001},
    doi = {10.1016/j.cagd.2013.01.001},
    issn = {01678396},
    keywords = {Approximation power, Dimension, Hanging vertices, Spherical H-triangulations, Spherical triangulations, Splines}
}

@article{Hefferan2009StatisticsMicroscopy,
    title = {{Statistics of high purity nickel microstructure from high energy X-ray diffraction microscopy}},
    year = {2009},
    journal = {Computers, Materials and Continua},
    author = {Hefferan, C. M. and Li, S. F. and Lind, J. and Lienert, U. and Rollett, A. D. and Wynblatt, P. and Suter, R. M.},
    number = {3},
    pages = {207--217},
    volume = {14},
    doi = {10.3970/cmc.2009.014.209},
    issn = {15462218},
    keywords = {High energy x-ray diffraction microscopy, Microstructure, Non-destructive orientation imaging, Synchrotron radiation}
}

@phdthesis{Grenander1950StochasticInference,
    title = {{Stochastic processes and statistical inference}},
    year = {1950},
    booktitle = {Arkiv f{\"{o}}r Matematik},
    author = {Grenander, Ulf},
    number = {3},
    pages = {195--277},
    volume = {1},
    doi = {10.1007/BF02590638},
    issn = {18712487}
}

@article{Kapoor2019StoredElectrodeposition,
    title = {{Stored energy in nanocrystalline Ni-Mo films processed by electrodeposition}},
    year = {2019},
    journal = {Journal of Alloys and Compounds},
    author = {Kapoor, Garima and P{\'{e}}ter, László and Fekete, Éva and L{\'{a}}b{\'{a}}r, János L. and Gubicza, Jenő},
    pages = {307--313},
    volume = {796},
    doi = {10.1016/j.jallcom.2019.05.032},
    issn = {09258388},
    keywords = {Calorimetry, Microstructure, Nanostructured materials, Ni-Mo alloys, Stored energy, Thin films}
}

@article{Rosenbrock2018StructuralMobility,
    title = {{Structural Characterization of Grain Boundaries and Machine Learning of Grain Boundary Energy and Mobility}},
    year = {2018},
    author = {Rosenbrock, Conrad W. and Priedeman, Jonathan L. and Hart, Gus L. W. and Homer, Eric R.},
    number = {1},
    volume = {2},
    url = {http://arxiv.org/abs/1808.05292},
    arxivId = {1808.05292},
    keywords = {atomic structure, grain boundaries, local environment representation, machine learning}
}

@article{Anisimov2016SubdividingCoordinates,
    title = {{Subdividing barycentric coordinates}},
    year = {2016},
    journal = {Computer Aided Geometric Design},
    author = {Anisimov, Dmitry and Deng, Chongyang and Hormann, Kai},
    pages = {172--185},
    volume = {43},
    publisher = {Elsevier B.V.},
    url = {http://dx.doi.org/10.1016/j.cagd.2016.02.005},
    doi = {10.1016/j.cagd.2016.02.005},
    issn = {01678396},
    keywords = {Barycentric coordinates, Subdivision}
}

@article{Zimmerman2020SupplementaryTorsion,
    title = {{Supplementary Material to: Relative grain boundary energies in ultrafine grain Ni obtained by high pressure torsion}},
    year = {2020},
    journal = {Scripta Materialia},
    author = {Zimmerman, J. and Sharma, A. and Divinski, S. V. and Rabkin, E.},
    pages = {90--93},
    volume = {182}
}

@article{Leising2013SURFACE:,
    title = {{SURFACE BOUNDARY MEASUREMENT USING 3D PROFILOMETRY Prepared by INTRO :}},
    year = {2013},
    author = {Leising, Craig},
    keywords = {grain boundary, surface boundary, surface measurem}
}

@article{Hall1987SurfaceReview,
    title = {{Surface energy measurements on UO2 - A critical review}},
    year = {1987},
    journal = {Journal of Nuclear Materials},
    author = {Hall, R. O.A. and Mortimer, M. J. and Mortimer, D. A.},
    number = {3},
    pages = {237--256},
    volume = {148},
    doi = {10.1016/0022-3115(87)90017-1},
    issn = {00223115}
}

@article{Olmsted2009SurveyMobility,
    title = {{Survey of computed grain boundary properties in face-centered cubic metals-II: Grain boundary mobility}},
    year = {2009},
    journal = {Acta Materialia},
    author = {Olmsted, David L. and Holm, Elizabeth A. and Foiles, Stephen M.},
    number = {13},
    pages = {3704--3713},
    volume = {57},
    publisher = {Acta Materialia Inc.},
    url = {http://dx.doi.org/10.1016/j.actamat.2009.04.015},
    doi = {10.1016/j.actamat.2009.04.015},
    issn = {13596454},
    keywords = {Grain boundary migration, Grain boundary roughening, MD-simulations}
}

@article{Olmsted2009SurveyEnergy,
    title = {{Survey of computed grain boundary properties in face-centered cubic metals: I. Grain boundary energy}},
    year = {2009},
    journal = {Acta Materialia},
    author = {Olmsted, David L. and Foiles, Stephen M. and Holm, Elizabeth A.},
    number = {13},
    pages = {3694--3703},
    volume = {57},
    publisher = {Acta Materialia Inc.},
    url = {http://dx.doi.org/10.1016/j.actamat.2009.04.007},
    doi = {10.1016/j.actamat.2009.04.007},
    issn = {13596454},
    keywords = {Grain boundary energy, Grain boundary structure, Molecular statics simulations}
}

@article{Patala2013SymmetriesDistributions,
    title = {{Symmetries in the representation of grain boundary-plane distributions}},
    year = {2013},
    journal = {Philosophical Magazine},
    author = {Patala, Srikanth and Schuh, Christopher A.},
    number = {5},
    month = {2},
    pages = {524--573},
    volume = {93},
    url = {http://www.tandfonline.com/doi/abs/10.1080/14786435.2012.722700 https://dx.doi.org/10.1080/14786435.2012.722700},
    doi = {10.1080/14786435.2012.722700},
    issn = {14786435},
    keywords = {crystal symmetry, crystallography, gain boundary}
}

@article{SymmetryCrystallography,
    title = {{Symmetry in Crystallography}},
    url = {http://xrayweb.chem.ou.edu/notes/symmetry.html http://img.chem.ucl.ac.uk/sgp/misc/symbols.htm}
}

@article{Fichtner2006TheTheory,
    title = {{The adjoint method in seismology. I. Theory}},
    year = {2006},
    journal = {Physics of the Earth and Planetary Interiors},
    author = {Fichtner, A. and Bunge, H. P. and Igel, H.},
    number = {1-2},
    pages = {86--104},
    volume = {157},
    doi = {10.1016/j.pepi.2006.03.016},
    issn = {00319201},
    keywords = {Fr{\'{e}}chet derivative, Inversion, Sensitivity, Waveform analysis}
}

@article{Murphy2001TheMatlab,
    title = {{The bayes Net Toolkit for Matlab}},
    year = {2001},
    journal = {In Computing science and statistics},
    author = {Murphy, Kevin Patrick},
    volume = {33}
}

@article{Al-Mohy2010TheFunction,
    title = {{The complex step approximation to the fr{\'{e}}chet derivative of a matrix function}},
    year = {2010},
    journal = {Numerical Algorithms},
    author = {Al-Mohy, Awad H. and Higham, Nicholas J.},
    number = {1},
    pages = {133--148},
    volume = {53},
    doi = {10.1007/s11075-009-9323-y},
    issn = {10171398},
    keywords = {Block 1-norm estimator, Complex arithmetic, Complex step approximation, Condition number estimation, Finite difference, Fr{\'{e}}chet derivative, Matrix function, Matrix sign function}
}

@article{Scott2011TheRegression,
    title = {{The correlated knowledge gradient for simulation optimization of continuous parameters using gaussian process regression}},
    year = {2011},
    journal = {SIAM Journal on Optimization},
    author = {Scott, Warren and Frazier, Peter and Powell, Warren},
    number = {3},
    pages = {996--1026},
    volume = {21},
    doi = {10.1137/100801275},
    issn = {10526234},
    keywords = {Bayesian global optimization, Expected improvement, Gaussian process regression, Knowledge gradient, Model calibration}
}

@article{Rohrer2004ThePolycrystals,
    title = {{The distribution of internal interfaces in polycrystals}},
    year = {2004},
    journal = {Zeitschrift fuer Metallkunde/Materials Research and Advanced Techniques},
    author = {Rohrer, Gregory S. and Saylor, David M. and El Dasher, Bassem and Adams, Brent L. and Rollett, Anthony D. and Wynblatt, Paul},
    number = {4},
    pages = {197--214},
    volume = {95},
    doi = {10.3139/146.017934},
    issn = {00443093},
    keywords = {Grain boundaries, Grain boundary energy, Polycrystals, Surface energy}
}

@article{Ratanaphan2014TheSilicon,
    title = {{The five parameter grain boundary character distribution of polycrystalline silicon}},
    year = {2014},
    journal = {Journal of Materials Science},
    author = {Ratanaphan, Sutatch and Yoon, Yohan and Rohrer, Gregory S.},
    number = {14},
    pages = {4938--4945},
    volume = {49},
    doi = {10.1007/s10853-014-8195-2},
    issn = {15734803}
}

@article{Kelly2016TheData,
    title = {{The five parameter grain boundary character distribution of {$\alpha$}-Ti determined from three-dimensional orientation data}},
    year = {2016},
    journal = {Acta Materialia},
    author = {Kelly, Madeleine N. and Glowinski, Krzysztof and Nuhfer, Noel T. and Rohrer, Gregory S.},
    pages = {22--30},
    volume = {111},
    publisher = {Elsevier Ltd},
    url = {http://dx.doi.org/10.1016/j.actamat.2016.03.029},
    doi = {10.1016/j.actamat.2016.03.029},
    issn = {13596454},
    keywords = {Grain boundaries, Grain boundary character distribution, Microstructure, Three dimensional serial sectioning, Titanium}
}

@article{Sutton2015TheBoundaries,
    title = {{The five-dimensional parameter space of grain boundaries}},
    year = {2015},
    journal = {Proceedings of the Royal Society A: Mathematical, Physical and Engineering Sciences},
    author = {Sutton, A. P. and Banks, E. P. and Warwick, A. R.},
    number = {2181},
    pages = {1--4},
    volume = {471},
    doi = {10.1098/rspa.2015.0442},
    issn = {14712946},
    keywords = {Crystal symmetry, Geodesics, Grain boundaries, Metric, Microstructure, Rodrigues vectors}
}

@article{Saylor2003TheParameters,
    title = {{The relative free energies of grain boundaries in magnesia as a function of five macroscopic parameters}},
    year = {2003},
    journal = {Acta Materialia},
    author = {Saylor, David M. and Morawiec, Adam and Rohrer, Gregory S.},
    number = {13},
    pages = {3675--3686},
    volume = {51},
    url = {https://dx.doi.org/10.1016/S1359-6454(03)00182-4},
    doi = {10.1016/S1359-6454(03)00182-4},
    issn = {13596454},
    keywords = {Ceramics, Coincident lattices, Dislocation boundaries, Grain boundary energy, Microstructure}
}

@article{Beladi2013TheMaps,
    title = {{The relative grain boundary area and energy distributions in a ferritic steel determined from three-dimensional electron backscatter diffraction maps}},
    year = {2013},
    journal = {Acta Materialia},
    author = {Beladi, Hossein and Rohrer, Gregory S.},
    number = {4},
    pages = {1404--1412},
    volume = {61},
    publisher = {Acta Materialia Inc.},
    url = {http://dx.doi.org/10.1016/j.actamat.2012.11.017},
    doi = {10.1016/j.actamat.2012.11.017},
    issn = {13596454},
    keywords = {Electron backscattering diffraction, Ferritic steel, Focused ion beam, Grain boundary energy, Microstructure}
}

@article{Mullins1957TheoryGrooving,
    title = {{Theory of Thermal Grooving}},
    year = {1957},
    journal = {Journal of Applied Physics},
    author = {Mullins, W. W.},
    number = {3},
    pages = {333--339},
    volume = {28},
    doi = {10.1063/1.1722742},
    issn = {00218979}
}

@article{Zhang2004ThermalEnergies,
    title = {{Thermal grain boundary grooving with anisotropic surface free energies}},
    year = {2004},
    journal = {Acta Materialia},
    author = {Zhang, W. and Sachenko, P. and Gladwell, I.},
    number = {1},
    pages = {107--116},
    volume = {52},
    doi = {10.1016/j.actamat.2003.08.033},
    issn = {13596454},
    keywords = {Annealing, Modeling, Simulation, Surface diffusion, Surface energy}
}

@article{Ware2020ThermodynamicBicrystals,
    title = {{Thermodynamic stability and kinematic accessibility of curved grain boundaries in directionally solidified bicrystals}},
    year = {2020},
    journal = {Journal of Materials Science},
    author = {Ware, Logan G. and Suzuki, Daniel H. and Cordero, Zachary C.},
    number = {20},
    pages = {8564--8575},
    volume = {55},
    publisher = {Springer US},
    url = {https://doi.org/10.1007/s10853-020-04618-2},
    doi = {10.1007/s10853-020-04618-2},
    issn = {15734803}
}

@article{Pirgazi2015Three-dimensionalPolishing,
    title = {{Three-dimensional characterization of grain boundaries in pure nickel by serial sectioning via mechanical polishing}},
    year = {2015},
    journal = {Journal of Applied Crystallography},
    author = {Pirgazi, Hadi and Glowinski, Krzysztof and Morawiec, Adam and Kestens, Leo A.I.},
    pages = {1672--1678},
    volume = {48},
    publisher = {International Union of Crystallography},
    doi = {10.1107/S1600576715017616},
    issn = {16005767},
    keywords = {Three-dimensional electron backscatter diffraction, alignment, grain boundary distribution, kernel density estimation, serial sectioning}
}

@article{Snelson2006Tutorial:Learning,
    title = {{Tutorial: Gaussian process models for machine learning}},
    year = {2006},
    journal = {Slides},
    author = {Snelson, Ed},
    number = {October},
    pages = {1--35},
    volume = {8},
    url = {papers2://publication/uuid/8939BE8A-CC7E-4BB2-8BE7-C9D3680E9200},
    doi = {10.1186/1476-072X-8-70},
    issn = {1476-072X}
}

@article{Glowinski2014TwistMaterials,
    title = {{Twist, tilt, and symmetric grain boundaries in hexagonal materials}},
    year = {2014},
    journal = {Journal of Materials Science},
    author = {Glowinski, Krzysztof and Morawiec, Adam},
    number = {11},
    pages = {3936--3942},
    volume = {49},
    doi = {10.1007/s10853-013-7958-5},
    issn = {15734803}
}

@article{Patala2019UnderstandingLearning,
    title = {{Understanding grain boundaries – The role of crystallography, structural descriptors and machine learning}},
    year = {2019},
    journal = {Computational Materials Science},
    author = {Patala, Srikanth},
    number = {March},
    pages = {281--294},
    volume = {162},
    publisher = {Elsevier},
    url = {https://doi.org/10.1016/j.commatsci.2019.02.047},
    doi = {10.1016/j.commatsci.2019.02.047},
    issn = {09270256},
    keywords = {Atomic structure, Crystallography, Disconnections, Grain boundaries, Machine learning}
}

@article{Long2010UnifiedDifferentiation,
    title = {{Unified embedded parallel finite element computations via software-based fr{\'{e}}chet differentiation}},
    year = {2010},
    journal = {SIAM Journal on Scientific Computing},
    author = {Long, Kevin and Kirby, Robert and Waanders, Bart Van Bloemen},
    number = {6},
    pages = {3323--3351},
    volume = {32},
    doi = {10.1137/09076920X},
    issn = {10648275},
    keywords = {Embedded algorithms, Finite element method, Partial differential equations}
}

@article{EcheverriRestrepo2014UsingEnergies,
    title = {{Using artificial neural networks to predict grain boundary energies}},
    year = {2014},
    journal = {Computational Materials Science},
    author = {Echeverri Restrepo, Sebastián and Tamayo Giraldo, Simón and Thijsse, Barend J.},
    pages = {170--173},
    volume = {86},
    url = {https://dx.doi.org/10.1016/j.commatsci.2014.01.039},
    doi = {10.1016/j.commatsci.2014.01.039},
    issn = {09270256},
    keywords = {Grain boundary energy, Grain boundary structure, Modelling, Molecular dynamics, Neural networks}
}

@article{Shuang2020UsingSize,
    title = {{Using molecular dynamics to determine mechanical grain boundary energies and capture their dependence on residual Burgers vector, segregation and grain size}},
    year = {2020},
    journal = {Acta Materialia},
    author = {Shuang, Fei and Aifantis, Katerina E.},
    publisher = {Elsevier Ltd},
    url = {https://doi.org/10.1016/j.actamat.2020.05.014},
    doi = {10.1016/j.actamat.2020.05.014},
    issn = {13596454},
    keywords = {Dislocation pile-up, interfacial gradient plasticity, mechanical interface energy}
}

@article{Holm2011ValidatingDistribution,
    title = {{Validating computed grain boundary energies in fcc metals using the grain boundary character distribution}},
    year = {2011},
    journal = {Acta Materialia},
    author = {Holm, Elizabeth A. and Rohrer, Gregory S. and Foiles, Stephen M. and Rollett, Anthony D. and Miller, Herbert M. and Olmsted, David L.},
    number = {13},
    pages = {5250--5256},
    volume = {59},
    publisher = {Acta Materialia Inc.},
    url = {http://dx.doi.org/10.1016/j.actamat.2011.05.001},
    doi = {10.1016/j.actamat.2011.05.001},
    issn = {13596454},
    keywords = {EBSD, Grain boundary character, Grain boundary energy, MD simulations}
}

@article{Cheng2017VariationalComplexity,
    title = {{Variational inference for Gaussian process models with linear complexity}},
    year = {2017},
    journal = {Advances in Neural Information Processing Systems},
    author = {Cheng, Ching An and Boots, Byron},
    number = {Nips},
    pages = {5185--5195},
    volume = {2017-Decem},
    issn = {10495258},
    arxivId = {1711.10127}
}

@article{Freeden1993VectorAspects,
    title = {{Vector spherical spline interpolation—basic theory and computational aspects}},
    year = {1993},
    journal = {Mathematical Methods in the Applied Sciences},
    author = {Freeden, Willi and Gervens, Theo},
    number = {3},
    pages = {151--183},
    volume = {16},
    doi = {10.1002/mma.1670160302},
    issn = {10991476},
    keywords = {spherical harmonics, spherical splines}
}

@inproceedings{Floater2014Wachspress2013,
    title = {{Wachspress and Mean Value Coordinates BT  - Approximation Theory XIV: San Antonio 2013}},
    year = {2014},
    author = {Floater, Michael S},
    editor = {Fasshauer, Gregory E and Schumaker, Larry L},
    pages = {81--102},
    publisher = {Springer International Publishing},
    address = {Cham},
    isbn = {978-3-319-06404-8}
}

@article{Panozzo2013WeightedSurfaces,
    title = {{Weighted averages on surfaces}},
    year = {2013},
    journal = {ACM Transactions on Graphics},
    author = {Panozzo, Daniele and Baran, Ilya and Diamanti, Olga and Sorkine-Hornung, Olga},
    number = {4},
    pages = {1--12},
    volume = {32},
    doi = {10.1145/2461912.2461935},
    issn = {07300301},
    keywords = {Correspondence, Surface geometry, Weighted averages}
}

@article{Havel2010YetSSE4,
    title = {{Yet faster ray-triangle intersection (Using SSE4)}},
    year = {2010},
    journal = {IEEE Transactions on Visualization and Computer Graphics},
    author = {Havel, Jiří and Herout, Adam},
    number = {3},
    pages = {434--438},
    volume = {16},
    doi = {10.1109/TVCG.2009.73},
    issn = {10772626},
    keywords = {Geometric algorithms, Ray tracing}
}